% To uniformize, add links to arxiv preprints for articles in press.


@article {AN1,
    AUTHOR = {Andruskiewitsch, Nicol{\'a}s and Natale, Sonia},
     TITLE = {Double categories and quantum groupoids},
   JOURNAL = {Publ. Mat. Urug.},
  FJOURNAL = {Publicaciones Matem\'aticas del Uruguay},
    VOLUME = {10},
      YEAR = {2005},
     PAGES = {11--51},
      ISSN = {0797-1443},
   MRCLASS = {16W30 (18D05)},
  MRNUMBER = {2147687 (2006b:16058)},
MRREVIEWER = {Jos{\'e} N. Alonso {\'A}lvarez},
}


@article{ Bic1,
         AUTHOR = {Bichon, Julien},
          TITLE = {Hopf-Galois objects and cogroupoids},
        JOURNAL = {Rev. Un. Mat. Argentina},
       FJOURNAL = {Revista de la Unión Matemática Argentina},
         Volume = {In press}
}

@article{ BDV1,
         AUTHOR = {Bichon, Julien and De Rijdt, An and Vaes, Stefaan},
          TITLE = {Ergodic coactions with large multiplicity and monoidal
              equivalence of quantum groups},
        JOURNAL = {Comm. Math. Phys.},
       FJOURNAL = {Communications in Mathematical Physics},
         VOLUME = {262},
           YEAR = {2006},
         NUMBER = {3},
          PAGES = {703--728},
           ISSN = {0010-3616},
          CODEN = {CMPHAY},
        MRCLASS = {46L55 (16W30 46L37)},
       MRNUMBER = {2202309 (2007a:46072)},
     MRREVIEWER = {Teodor Banica},
            DOI = {10.1007/s00220-005-1442-2},
            URL = {http://dx.doi.org/10.1007/s00220-005-1442-2}
}

@article {Boh3,
    AUTHOR = {B{\"o}hm, Gabriella and Nill, Florian and Szlach{\'a}nyi,
              Korn{\'e}l},
     TITLE = {Weak {H}opf algebras. {I}. {I}ntegral theory and {$C^*$}-structure},
   JOURNAL = {J. Algebra},
  FJOURNAL = {Journal of Algebra},
    VOLUME = {221},
      YEAR = {1999},
    NUMBER = {2},
     PAGES = {385--438},
      ISSN = {0021-8693},
     CODEN = {JALGA4},
   MRCLASS = {16W30 (46L60)},
  MRNUMBER = {1726707 (2001a:16059)},
MRREVIEWER = {Byung-Jay Kahng},
       DOI = {10.1006/jabr.1999.7984},
       URL = {http://dx.doi.org/10.1006/jabr.1999.7984},
}

@article{ Boh1,
         AUTHOR = {B{\"o}hm, Gabriella and G\'{o}mez-Torrecillas, Jos\'{e} and L\'{o}pez-Centella, Esperanza},
          TITLE = { Weak multiplier bialgebras},
        JOURNAL = {Trans. Amer. Math. Soc.},
       FJOURNAL = {Transactions of the American Mathematical Society},
         VOLUME = {In press},
}

@article{ Boh2,
         AUTHOR = {B{\"o}hm, Gabriella},
          TITLE = {Comodules over weak multiplier bialgebras},
        JOURNAL = {Internat. J. Math.},
       FJOURNAL = {International Journal of Mathematics},
         VOLUME = {25},
           YEAR = {2014},
         NUMBER = {5},
          PAGES = {1450037 (57 pages)},
           ISSN = {0129-167X},
        MRCLASS = {16-XX (18B40)},
       MRNUMBER = {3215215},
            DOI = {10.1142/S0129167X14500372},
            URL = {http://dx.doi.org/10.1142/S0129167X14500372}
}



@article{ Dau1,
         AUTHOR = {Dauns, John},
          TITLE = {Multiplier rings and primitive ideals},
        JOURNAL = {Trans. Amer. Math. Soc.},
       FJOURNAL = {Transactions of the American Mathematical Society},
         VOLUME = {145},
           YEAR = {1969},
          PAGES = {125--158},
           ISSN = {0002-9947},
        MRCLASS = {16.80},
       MRNUMBER = {0257151 (41 \#1805)},
     MRREVIEWER = {R. C. Busby}
}


% $SU(2)$ renders small...
@article{ DCT2,
         AUTHOR = {De Commer, Kenny and Timmermann, Thomas},
          TITLE = {Dynamical quantum SU(2) groups on the operator algebra level},
         VOLUME = {In preparation}
}


@article{ DCY1,
         AUTHOR = {De Commer, Kenny and Yamashita, Makoto},
          TITLE = {Tannaka-{K}re\u\i n duality for compact quantum homogeneous
              spaces. {I}. {G}eneral theory},
        JOURNAL = {Theory Appl. Categ.},
       FJOURNAL = {Theory and Applications of Categories},
         VOLUME = {28},
           YEAR = {2013},
          PAGES = {No. 31, 1099--1138},
           ISSN = {1201-561X},
        MRCLASS = {46L55 (46Mxx)},
       MRNUMBER = {3121622}
}

@article {Eno2,
    AUTHOR = {Enock, Michel},
     TITLE = {Measured quantum groupoids in action},
   JOURNAL = {M\'em. Soc. Math. Fr. (N.S.)},
  FJOURNAL = {M\'emoires de la Soci\'et\'e Math\'ematique de France.
              Nouvelle S\'erie},
    NUMBER = {114},
      YEAR = {2008},
     PAGES = {ii+150 pp. (2009)},
      ISSN = {0249-633X},
      ISBN = {978-2-85629-265-5},
   MRCLASS = {58B32 (46L37 46L65 46L89)},
  MRNUMBER = {2541012 (2010i:58007)},
MRREVIEWER = {Claire Anantharaman-Delaroche},
}


@article {Eno3,
    AUTHOR = {Enock, Michel},
     TITLE = {Measured quantum groupoids with a central basis},
   JOURNAL = {J. Operator Theory},
  FJOURNAL = {Journal of Operator Theory},
    VOLUME = {66},
      YEAR = {2011},
    NUMBER = {1},
     PAGES = {3--58},
      ISSN = {0379-4024},
   MRCLASS = {46L89 (46L65)},
  MRNUMBER = {2806546 (2012e:46153)},
MRREVIEWER = {Claire Anantharaman-Delaroche},
}

@incollection {Eno4,
    AUTHOR = {Enock, Michel},
     TITLE = {Morita equivalence of measured quantum groupoids.
              {A}pplication to deformation of measured quantum groupoids by
              2-cocycles},
 BOOKTITLE = {Operator algebras and quantum groups},
    SERIES = {Banach Center Publ.},
    VOLUME = {98},
     PAGES = {107--198},
 PUBLISHER = {Polish Acad. Sci. Inst. Math., Warsaw},
      YEAR = {2012},
   MRCLASS = {46L89 (46L65)},
  MRNUMBER = {3059660},
MRREVIEWER = {Michael Frank},
       DOI = {10.4064/bc98-0-6},
       URL = {http://dx.doi.org/10.4064/bc98-0-6},
}

@article {EtV1,
    AUTHOR = {Etingof, Pavel and Varchenko, Alexander},
     TITLE = {Solutions of the quantum dynamical {Y}ang-{B}axter equation
              and dynamical quantum groups},
   JOURNAL = {Comm. Math. Phys.},
  FJOURNAL = {Communications in Mathematical Physics},
    VOLUME = {196},
      YEAR = {1998},
    NUMBER = {3},
     PAGES = {591--640},
      ISSN = {0010-3616},
     CODEN = {CMPHAY},
   MRCLASS = {17B37 (17B80 17B81 81R50 82B23)},
  MRNUMBER = {1645196 (2001b:17024)},
       DOI = {10.1007/s002200050437},
       URL = {http://dx.doi.org/10.1007/s002200050437},
}

@article {EtN1,
    AUTHOR = {Etingof, Pavel and Nikshych, Dmitri},
     TITLE = {Dynamical quantum groups at roots of 1},
   JOURNAL = {Duke Math. J.},
  FJOURNAL = {Duke Mathematical Journal},
    VOLUME = {108},
      YEAR = {2001},
    NUMBER = {1},
     PAGES = {135--168},
      ISSN = {0012-7094},
     CODEN = {DUMJAO},
   MRCLASS = {17B37 (81R50)},
  MRNUMBER = {1831822 (2002f:17019)},
MRREVIEWER = {Ruth Lawrence},
       DOI = {10.1215/S0012-7094-01-10814-4},
       URL = {http://dx.doi.org/10.1215/S0012-7094-01-10814-4},
}

@article{ EtO1,
         AUTHOR = {Etingof, Pavel and Ostrik, Viktor},
          TITLE = {Module categories over representations of {${\rm SL}_q(2)$}
              and graphs},
        JOURNAL = {Math. Res. Lett.},
       FJOURNAL = {Mathematical Research Letters},
         VOLUME = {11},
           YEAR = {2004},
         NUMBER = {1},
          PAGES = {103--114},
           ISSN = {1073-2780},
        MRCLASS = {20G42 (16W30 17B37 18D10)},
       MRNUMBER = {2046203 (2005d:20088)},
     MRREVIEWER = {Julien Bichon},
            DOI = {10.4310/MRL.2004.v11.n1.a10},
            URL = {http://dx.doi.org/10.4310/MRL.2004.v11.n1.a10}
}

@article {ENO1,
    AUTHOR = {Etingof, Pavel and Nikshych, Dmitri and Ostrik, Viktor},
     TITLE = {On fusion categories},
   JOURNAL = {Ann. of Math. (2)},
  FJOURNAL = {Annals of Mathematics. Second Series},
    VOLUME = {162},
      YEAR = {2005},
    NUMBER = {2},
     PAGES = {581--642},
      ISSN = {0003-486X},
     CODEN = {ANMAAH},
   MRCLASS = {16W30 (18D10)},
  MRNUMBER = {2183279 (2006m:16051)},
MRREVIEWER = {Yorck Sommerh{\"a}user},
       DOI = {10.4007/annals.2005.162.581},
       URL = {http://dx.doi.org/10.4007/annals.2005.162.581},
}


@article {Hay2,
    AUTHOR = {Hayashi, Takahiro},
     TITLE = {Quantum group symmetry of partition functions of {IRF} models
              and its application to {J}ones' index theory},
   JOURNAL = {Comm. Math. Phys.},
  FJOURNAL = {Communications in Mathematical Physics},
    VOLUME = {157},
      YEAR = {1993},
    NUMBER = {2},
     PAGES = {331--345},
      ISSN = {0010-3616},
     CODEN = {CMPHAY},
   MRCLASS = {82B23 (17B37 46L37 46N55)},
  MRNUMBER = {1244870 (94h:82020)},
MRREVIEWER = {Yasuyuki Kawahigashi},
       URL = {http://projecteuclid.org/euclid.cmp/1104253942},
}

@article{ Hay1,
         AUTHOR = {Hayashi, Takahiro},
          TITLE = {Compact quantum groups of face type},
        JOURNAL = {Publ. Res. Inst. Math. Sci.},
       FJOURNAL = {Kyoto University. Research Institute for Mathematical
              Sciences. Publications},
         VOLUME = {32},
           YEAR = {1996},
         NUMBER = {2},
          PAGES = {351--369},
           ISSN = {0034-5318},
          CODEN = {KRMPBV},
        MRCLASS = {46L37 (16W30 46L60 81R50 82B23)},
       MRNUMBER = {1382806 (97c:46076)},
     MRREVIEWER = {Yasuyuki Kawahigashi},
            DOI = {10.2977/prims/1195162967},
            URL = {http://dx.doi.org/10.2977/prims/1195162967}
}

@article {Hay3,
    AUTHOR = {Hayashi, Takahiro},
     TITLE = {Face algebras. {I}. {A} generalization of quantum group
              theory},
   JOURNAL = {J. Math. Soc. Japan},
  FJOURNAL = {Journal of the Mathematical Society of Japan},
    VOLUME = {50},
      YEAR = {1998},
    NUMBER = {2},
     PAGES = {293--315},
      ISSN = {0025-5645},
     CODEN = {NISUBC},
   MRCLASS = {16W30 (18D10)},
  MRNUMBER = {1613136 (99d:16043)},
MRREVIEWER = {Shlomo Gelaki},
       DOI = {10.2969/jmsj/05020293},
       URL = {http://dx.doi.org/10.2969/jmsj/05020293},
}

@article {Hay4,
    AUTHOR = {Hayashi, Takahiro},
     TITLE = {Face algebras and unitarity of {${\rm SU}(N)_L$}-{TQFT}},
   JOURNAL = {Comm. Math. Phys.},
  FJOURNAL = {Communications in Mathematical Physics},
    VOLUME = {203},
      YEAR = {1999},
    NUMBER = {1},
     PAGES = {211--247},
      ISSN = {0010-3616},
     CODEN = {CMPHAY},
   MRCLASS = {81R50 (17B37 18D10 46L60 57R56 81T45 82B23)},
  MRNUMBER = {1695168 (2000f:81082)},
MRREVIEWER = {Albert Jeu-Liang Sheu},
       DOI = {10.1007/s002200050610},
       URL = {http://dx.doi.org/10.1007/s002200050610},
}

@article {Hay5,
    AUTHOR = {Hayashi, Takahiro},
     TITLE = {Galois quantum groups of {${\rm II}_1$}-subfactors},
   JOURNAL = {Tohoku Math. J. (2)},
  FJOURNAL = {The Tohoku Mathematical Journal. Second Series},
    VOLUME = {51},
      YEAR = {1999},
    NUMBER = {3},
     PAGES = {365--389},
      ISSN = {0040-8735},
     CODEN = {TOMJAM},
   MRCLASS = {46L37},
  MRNUMBER = {1707762 (2000j:46120)},
MRREVIEWER = {Carl Winsl{\o}w},
       DOI = {10.2748/tmj/1178224768},
       URL = {http://dx.doi.org/10.2748/tmj/1178224768},
}

@article {Hay6,
    AUTHOR = {Hayashi, Takahiro},
     TITLE = {Face algebras and tensor categories},
      NOTE = {Representation theory and noncommutative harmonic analysis
              (Japanese) (Kyoto, 1998)},
   JOURNAL = {S\=urikaisekikenky\=usho K\=oky\=uroku},
  FJOURNAL = {S\=urikaisekikenky\=usho K\=oky\=uroku},
    NUMBER = {1082},
      YEAR = {1999},
     PAGES = {34--47},
   MRCLASS = {18D10 (16W30 81R50)},
  MRNUMBER = {1720040 (2000h:18014)},
MRREVIEWER = {Yasuyuki Kawahigashi},
}

@incollection {Hay7,
    AUTHOR = {Hayashi, Takahiro},
     TITLE = {A brief introduction to face algebras},
 BOOKTITLE = {New trends in {H}opf algebra theory ({L}a {F}alda, 1999)},
    SERIES = {Contemp. Math.},
    VOLUME = {267},
     PAGES = {161--176},
 PUBLISHER = {Amer. Math. Soc., Providence, RI},
      YEAR = {2000},
   MRCLASS = {81R50 (16W30)},
  MRNUMBER = {1800711 (2001j:81106)},
MRREVIEWER = {Shao-Ming Fei},
       DOI = {10.1090/conm/267/04269},
       URL = {http://dx.doi.org/10.1090/conm/267/04269},
}



@article{ KoR1,
         AUTHOR = {Koelink, Erik and Rosengren, Hjalmar},
          TITLE = {Harmonic analysis on the {${\rm SU}(2)$} dynamical quantum
              group},
        JOURNAL = {Acta Appl. Math.},
       FJOURNAL = {Acta Applicandae Mathematicae. An International Survey Journal
              on Applying Mathematics and Mathematical Applications},
         VOLUME = {69},
           YEAR = {2001},
         NUMBER = {2},
          PAGES = {163--220},
           ISSN = {0167-8019},
          CODEN = {AAMADV},
        MRCLASS = {43A65 (20G42 33D45 33D80)},
       MRNUMBER = {1872106 (2003a:43008)},
     MRREVIEWER = {Jia-Chen Ye},
            DOI = {10.1023/A:1013071729320},
            URL = {http://dx.doi.org/10.1023/A:1013071729320}
}
@article {Les1,
    AUTHOR = {Lesieur, Franck},
     TITLE = {Measured quantum groupoids},
   JOURNAL = {M\'em. Soc. Math. Fr. (N.S.)},
  FJOURNAL = {M\'emoires de la Soci\'et\'e Math\'ematique de France.
              Nouvelle S\'erie},
    NUMBER = {109},
      YEAR = {2007},
     PAGES = {iv+158 pp. (2008)},
      ISSN = {0249-633X},
      ISBN = {978-2-85629-233-4},
   MRCLASS = {46L89},
  MRNUMBER = {2474165 (2010e:46076)},
MRREVIEWER = {Stefaan Vaes},
}


@article{ Mug1,
         AUTHOR = {M\"{u}ger, Michael},
          TITLE = {From subfactors to categories and topology I. Frobenius algebras in and Morita equivalence of tensor categories},
        JOURNAL = {J. Pure Appl. Alg.},
       FJOURNAL = {Journal of Pure and Applied Algebra},
         VOLUME = {180},
           YEAR = {2003},
          PAGES = {81--157}
}

@incollection {Nik1,
    AUTHOR = {Nikshych, Dmitri and Vainerman, Leonid},
     TITLE = {Finite quantum groupoids and their applications},
 BOOKTITLE = {New directions in {H}opf algebras},
    SERIES = {Math. Sci. Res. Inst. Publ.},
    VOLUME = {43},
     PAGES = {211--262},
 PUBLISHER = {Cambridge Univ. Press, Cambridge},
      YEAR = {2002},
   MRCLASS = {16W30 (16W35)},
  MRNUMBER = {1913440 (2004d:16071)},
}



@ARTICLE{Nil1,
   author = {Nill, F.},
    title = "{Axioms for Weak Bialgebras}",
  journal = {ArXiv Mathematics e-prints},
   eprint = ''math/9805104'',
 keywords = {Quantum Algebra},
     year = 1998,
    month = may,
   adsurl = {http://adsabs.harvard.edu/abs/1998math......5104N},
  adsnote = {Provided by the SAO/NASA Astrophysics Data System}
}


@article {Pin2,
    AUTHOR = {Pinzari, Claudia},
     TITLE = {The representation category of the {W}oronowicz quantum group
              {${\rm S}\sb \mu {\rm U}(d)$} as a braided tensor {$C\sp
              *$}-category},
   JOURNAL = {Internat. J. Math.},
  FJOURNAL = {International Journal of Mathematics},
    VOLUME = {18},
      YEAR = {2007},
    NUMBER = {2},
     PAGES = {113--136},
      ISSN = {0129-167X},
   MRCLASS = {46L89 (18D10 58B32)},
  MRNUMBER = {2307417 (2008k:46212)},
MRREVIEWER = {Michael M{\"u}ger},
       DOI = {10.1142/S0129167X07003972},
       URL = {http://dx.doi.org/10.1142/S0129167X07003972},
}

@ARTICLE{Pin3,
   author = {Pinzari, C. and Roberts, J.~E.},
    title = "{Ergodic actions of compact quantum groups from solutions of the conjugate equations}",
  journal = {ArXiv e-prints},
archivePrefix = "arXiv",
   eprint = ''0808.3326'',
 primaryClass = "math.OA",
 keywords = {Mathematics - Operator Algebras, Mathematics - Quantum Algebra},
     year = 2008,
    month = aug,
   adsurl = {http://adsabs.harvard.edu/abs/2008arXiv0808.3326P},
  adsnote = {Provided by the SAO/NASA Astrophysics Data System}
}

@incollection {Sch1,
    AUTHOR = {Schauenburg, Peter},
     TITLE = {Face algebras are {$\times_R$}-bialgebras},
 BOOKTITLE = {Rings, {H}opf algebras, and {B}rauer groups
              ({A}ntwerp/{B}russels, 1996)},
    SERIES = {Lecture Notes in Pure and Appl. Math.},
    VOLUME = {197},
     PAGES = {275--285},
 PUBLISHER = {Dekker, New York},
      YEAR = {1998},
   MRCLASS = {16W30},
  MRNUMBER = {1615924 (99k:16086)},
MRREVIEWER = {Yvette Kosmann-Schwarzbach},
}
	

@incollection {Sch2,
    AUTHOR = {Schauenburg, Peter},
     TITLE = {Weak {H}opf algebras and quantum groupoids},
 BOOKTITLE = {Noncommutative geometry and quantum groups ({W}arsaw, 2001)},
    SERIES = {Banach Center Publ.},
    VOLUME = {61},
     PAGES = {171--188},
 PUBLISHER = {Polish Acad. Sci., Warsaw},
      YEAR = {2003},
   MRCLASS = {16W30},
  MRNUMBER = {2024429 (2004j:16042)},
MRREVIEWER = {Dmitri A. Nikshych},
       DOI = {10.4064/bc61-0-12},
       URL = {http://dx.doi.org/10.4064/bc61-0-12},
}

@article {Sto1,
    AUTHOR = {Stokman, Jasper V.},
     TITLE = {Vertex-{IRF} transformations, dynamical quantum groups and
              harmonic analysis},
   JOURNAL = {Indag. Math. (N.S.)},
  FJOURNAL = {Koninklijke Nederlandse Akademie van Wetenschappen.
              Indagationes Mathematicae. New Series},
    VOLUME = {14},
      YEAR = {2003},
    NUMBER = {3-4},
     PAGES = {545--570},
      ISSN = {0019-3577},
   MRCLASS = {33D80 (17B37 82B23)},
  MRNUMBER = {2083089 (2005e:33015)},
MRREVIEWER = {Dmitri A. Nikshych},
       DOI = {10.1016/S0019-3577(03)90060-7},
       URL = {http://dx.doi.org/10.1016/S0019-3577(03)90060-7},
}


@article {Tak2,
    AUTHOR = {Takeuchi, Mitsuhiro},
     TITLE = {Groups of algebras over {$A\otimes \overline A$}},
   JOURNAL = {J. Math. Soc. Japan},
  FJOURNAL = {Journal of the Mathematical Society of Japan},
    VOLUME = {29},
      YEAR = {1977},
    NUMBER = {3},
     PAGES = {459--492},
      ISSN = {0025-5645},
   MRCLASS = {16A24 (13D15 14L15 18G30)},
  MRNUMBER = {0506407 (58 \#22151)},
}


@book {Tur1,
    AUTHOR = {Turaev, Vladimir G.},
     TITLE = {Quantum invariants of knots and 3-manifolds},
    SERIES = {de Gruyter Studies in Mathematics},
    VOLUME = {18},
   EDITION = {revised},
 PUBLISHER = {Walter de Gruyter \& Co., Berlin},
      YEAR = {2010},
     PAGES = {xii+592},
      ISBN = {978-3-11-022183-1},
   MRCLASS = {57M27 (57M25 57N10 57R56)},
  MRNUMBER = {2654259 (2011f:57023)},
       DOI = {10.1515/9783110221848},
       URL = {http://dx.doi.org/10.1515/9783110221848},
}



@article {VDae1,
    AUTHOR = {Van Daele, A.},
     TITLE = {Multiplier {H}opf algebras},
   JOURNAL = {Trans. Amer. Math. Soc.},
  FJOURNAL = {Transactions of the American Mathematical Society},
    VOLUME = {342},
      YEAR = {1994},
    NUMBER = {2},
     PAGES = {917--932},
      ISSN = {0002-9947},
     CODEN = {TAMTAM},
   MRCLASS = {16W30},
  MRNUMBER = {MR1220906 (94h:16075)},
MRREVIEWER = {Bernhard Drabant},
}


@article {VDae2,
    AUTHOR = {Van Daele, Alfons},
     TITLE = {An algebraic framework for group duality},
   JOURNAL = {Adv. Math.},
  FJOURNAL = {Advances in Mathematics},
    VOLUME = {140},
      YEAR = {1998},
    NUMBER = {2},
     PAGES = {323--366},
      ISSN = {0001-8708},
     CODEN = {ADMTA4},
   MRCLASS = {16W35},
  MRNUMBER = {MR1658585 (2000g:16045)},
}

@InProceedings{VDW2,
  author = 	 {Van Daele, Alfons and Wang, Shuanhong},
  title = 	 {Weak multiplier {H}opf algebras. {P}reliminaries, motivation and basic examples},
  booktitle = {Operator Algebras and Quantum Groups},
  pages = 	 {367-415},
  year = 	 {2012},
  editor = 	 {Soltan, Piotr M. and Pusz, Wieslaw},
  volume = 	 {98},
  series = 	 {Banach Center Publ.},
  organization = {Polish Academy of Sciences},
  publisher = {Polish Academy of Sciences,  Institute of Mathematics, Warsaw}}


@ARTICLE{VDW1,
   author = {Van Daele, A. and Wang, S.},
    title = "{Weak Multiplier Hopf Algebras. The main theory}",
  journal = {ArXiv e-prints},
archivePrefix = "arXiv",
   eprint = ''1210.4395'',
 primaryClass = "math.RA",
 keywords = {Mathematics - Rings and Algebras, Mathematics - Operator Algebras, 16T05},
     year = 2012,
    month = oct,
note= {to appear in  \emph{Crelles Journal}},
   adsurl = {http://adsabs.harvard.edu/abs/2012v1210.4395V },
  adsnote = {Provided by the SAO/NASA Astrophysics Data System}
}


@ARTICLE{Yam1,
   author = {Yamagami, S.},
    title = "{A categorical and diagrammatical approach to Temperley-Lieb algebras}",
  journal = {ArXiv Mathematics e-prints},
   eprint = ''math/0405267'',
 keywords = {Quantum Algebra, Operator Algebras, 18D10, 47L37},
     year = 2004,
    month = may,
   adsurl = {http://adsabs.harvard.edu/abs/2004math......5267Y},
  adsnote = {Provided by the SAO/NASA Astrophysics Data System}
}

@article{Wor1,
    AUTHOR = {Woronowicz, S. L.},
     TITLE = {Twisted {${\rm SU}(2)$} group. {A}n example of a
              noncommutative differential calculus},
   JOURNAL = {Publ. Res. Inst. Math. Sci.},
  FJOURNAL = {Kyoto University. Research Institute for Mathematical
              Sciences. Publications},
    VOLUME = 23,
      YEAR = 1987,
    NUMBER = 1,
     PAGES = {117--181},
      ISSN = {0034-5318},
     CODEN = {KRMPBV},
   MRCLASS = {46L99 (22D25 22E45 46L80 58H05)},
  MRNUMBER = {MR890482 (88h:46130)},
MRREVIEWER = {Marc Rosso},
}


