@article {AN1,
    AUTHOR = {Andruskiewitsch, Nicol{\'a}s and Natale, Sonia},
     TITLE = {Double categories and quantum groupoids},
   JOURNAL = {Publ. Mat. Urug.},
  FJOURNAL = {Publicaciones Matem\'aticas del Uruguay},
    VOLUME = {10},
      YEAR = {2005},
     PAGES = {11--51},
      ISSN = {0797-1443},
   MRCLASS = {16W30 (18D05)},
  MRNUMBER = {2147687 (2006b:16058)},
MRREVIEWER = {Jos{\'e} N. Alonso {\'A}lvarez},
}

@article{ BDV1,
         AUTHOR = {Bichon, Julien and De Rijdt, An and Vaes, Stefaan},
          TITLE = {Ergodic coactions with large multiplicity and monoidal
              equivalence of quantum groups},
        JOURNAL = {Comm. Math. Phys.},
       FJOURNAL = {Communications in Mathematical Physics},
         VOLUME = {262},
           YEAR = {2006},
         NUMBER = {3},
          PAGES = {703--728},
           ISSN = {0010-3616},
          CODEN = {CMPHAY},
        MRCLASS = {46L55 (16W30 46L37)},
       MRNUMBER = {2202309 (2007a:46072)},
     MRREVIEWER = {Teodor Banica},
            DOI = {10.1007/s00220-005-1442-2},
            URL = {http://dx.doi.org/10.1007/s00220-005-1442-2}
}

@article{ Boh2,
         AUTHOR = {B{\"o}hm, Gabriella},
          TITLE = {Comodules over weak multiplier bialgebras},
        JOURNAL = {Internat. J. Math.},
       FJOURNAL = {International Journal of Mathematics},
         VOLUME = {25},
           YEAR = {2014},
         NUMBER = {5},
          PAGES = {1450037 (57 pages)},
           ISSN = {0129-167X},
        MRCLASS = {16-XX (18B40)},
       MRNUMBER = {3215215},
            DOI = {10.1142/S0129167X14500372},
            URL = {http://dx.doi.org/10.1142/S0129167X14500372}
}

@article{ Boh1,
         AUTHOR = {B{\"o}hm, Gabriella and G\'{o}mez-Torrecillas, Jos\'{e} and L\'{o}pez-Centella, Esperanza},
          TITLE = { Weak multiplier bialgebras},
        JOURNAL = {Trans. Amer. Math. Soc.},
       FJOURNAL = {Transactions of the American Mathematical Society},
         VOLUME = {In press},
}

@article{ Dau1,
         AUTHOR = {Dauns, John},
          TITLE = {Multiplier rings and primitive ideals},
        JOURNAL = {Trans. Amer. Math. Soc.},
       FJOURNAL = {Transactions of the American Mathematical Society},
         VOLUME = {145},
           YEAR = {1969},
          PAGES = {125--158},
           ISSN = {0002-9947},
        MRCLASS = {16.80},
       MRNUMBER = {0257151 (41 \#1805)},
     MRREVIEWER = {R. C. Busby}
}

@article{ DCY1,
         AUTHOR = {De Commer, Kenny and Yamashita, Makoto},
          TITLE = {Tannaka-{K}re\u\i n duality for compact quantum homogeneous
              spaces. {I}. {G}eneral theory},
        JOURNAL = {Theory Appl. Categ.},
       FJOURNAL = {Theory and Applications of Categories},
         VOLUME = {28},
           YEAR = {2013},
          PAGES = {No. 31, 1099--1138},
           ISSN = {1201-561X},
        MRCLASS = {46L55 (46Mxx)},
       MRNUMBER = {3121622}
}

@article{ Eti1,
         AUTHOR = {Etingof, Pavel and Ostrik, Viktor},
          TITLE = {Module categories over representations of {${\rm SL}_q(2)$}
              and graphs},
        JOURNAL = {Math. Res. Lett.},
       FJOURNAL = {Mathematical Research Letters},
         VOLUME = {11},
           YEAR = {2004},
         NUMBER = {1},
          PAGES = {103--114},
           ISSN = {1073-2780},
        MRCLASS = {20G42 (16W30 17B37 18D10)},
       MRNUMBER = {2046203 (2005d:20088)},
     MRREVIEWER = {Julien Bichon},
            DOI = {10.4310/MRL.2004.v11.n1.a10},
            URL = {http://dx.doi.org/10.4310/MRL.2004.v11.n1.a10}
}

@article{ Hay1,
         AUTHOR = {Hayashi, Takahiro},
          TITLE = {Compact quantum groups of face type},
        JOURNAL = {Publ. Res. Inst. Math. Sci.},
       FJOURNAL = {Kyoto University. Research Institute for Mathematical
              Sciences. Publications},
         VOLUME = {32},
           YEAR = {1996},
         NUMBER = {2},
          PAGES = {351--369},
           ISSN = {0034-5318},
          CODEN = {KRMPBV},
        MRCLASS = {46L37 (16W30 46L60 81R50 82B23)},
       MRNUMBER = {1382806 (97c:46076)},
     MRREVIEWER = {Yasuyuki Kawahigashi},
            DOI = {10.2977/prims/1195162967},
            URL = {http://dx.doi.org/10.2977/prims/1195162967}
}

@article{ KoR1,
         AUTHOR = {Koelink, Erik and Rosengren, Hjalmar},
          TITLE = {Harmonic analysis on the {${\rm SU}(2)$} dynamical quantum
              group},
        JOURNAL = {Acta Appl. Math.},
       FJOURNAL = {Acta Applicandae Mathematicae. An International Survey Journal
              on Applying Mathematics and Mathematical Applications},
         VOLUME = {69},
           YEAR = {2001},
         NUMBER = {2},
          PAGES = {163--220},
           ISSN = {0167-8019},
          CODEN = {AAMADV},
        MRCLASS = {43A65 (20G42 33D45 33D80)},
       MRNUMBER = {1872106 (2003a:43008)},
     MRREVIEWER = {Jia-Chen Ye},
            DOI = {10.1023/A:1013071729320},
            URL = {http://dx.doi.org/10.1023/A:1013071729320}
}

@article {Pin2,
    AUTHOR = {Pinzari, Claudia},
     TITLE = {The representation category of the {W}oronowicz quantum group
              {${\rm S}\sb \mu {\rm U}(d)$} as a braided tensor {$C\sp
              *$}-category},
   JOURNAL = {Internat. J. Math.},
  FJOURNAL = {International Journal of Mathematics},
    VOLUME = {18},
      YEAR = {2007},
    NUMBER = {2},
     PAGES = {113--136},
      ISSN = {0129-167X},
   MRCLASS = {46L89 (18D10 58B32)},
  MRNUMBER = {2307417 (2008k:46212)},
MRREVIEWER = {Michael M{\"u}ger},
       DOI = {10.1142/S0129167X07003972},
       URL = {http://dx.doi.org/10.1142/S0129167X07003972},
}


@book {Tur1,
    AUTHOR = {Turaev, Vladimir G.},
     TITLE = {Quantum invariants of knots and 3-manifolds},
    SERIES = {de Gruyter Studies in Mathematics},
    VOLUME = {18},
   EDITION = {revised},
 PUBLISHER = {Walter de Gruyter \& Co., Berlin},
      YEAR = {2010},
     PAGES = {xii+592},
      ISBN = {978-3-11-022183-1},
   MRCLASS = {57M27 (57M25 57N10 57R56)},
  MRNUMBER = {2654259 (2011f:57023)},
       DOI = {10.1515/9783110221848},
       URL = {http://dx.doi.org/10.1515/9783110221848},
}


@ARTICLE{Pin3,
   author = {{Pinzari}, C. and {Roberts}, J.~E.},
    title = "{Ergodic actions of compact quantum groups from solutions of the conjugate equations}",
  journal = {ArXiv e-prints},
archivePrefix = "arXiv",
   eprint = {0808.3326},
 primaryClass = "math.OA",
 keywords = {Mathematics - Operator Algebras, Mathematics - Quantum Algebra},
     year = 2008,
    month = aug,
   adsurl = {http://adsabs.harvard.edu/abs/2008arXiv0808.3326P},
  adsnote = {Provided by the SAO/NASA Astrophysics Data System}
}

@article {VDae1,
    AUTHOR = {Van Daele, A.},
     TITLE = {Multiplier {H}opf algebras},
   JOURNAL = {Trans. Amer. Math. Soc.},
  FJOURNAL = {Transactions of the American Mathematical Society},
    VOLUME = {342},
      YEAR = {1994},
    NUMBER = {2},
     PAGES = {917--932},
      ISSN = {0002-9947},
     CODEN = {TAMTAM},
   MRCLASS = {16W30},
  MRNUMBER = {MR1220906 (94h:16075)},
MRREVIEWER = {Bernhard Drabant},
}


@article {VDae2,
    AUTHOR = {Van Daele, Alfons},
     TITLE = {An algebraic framework for group duality},
   JOURNAL = {Adv. Math.},
  FJOURNAL = {Advances in Mathematics},
    VOLUME = {140},
      YEAR = {1998},
    NUMBER = {2},
     PAGES = {323--366},
      ISSN = {0001-8708},
     CODEN = {ADMTA4},
   MRCLASS = {16W35},
  MRNUMBER = {MR1658585 (2000g:16045)},
}

@InProceedings{VDW2,
  author = 	 {Van Daele, Alfons and Wang, Shuanhong},
  title = 	 {Weak multiplier {H}opf algebras. {P}reliminaries, motivation and basic examples},
  booktitle = {Operator Algebras and Quantum Groups},
  pages = 	 {367-415},
  year = 	 {2012},
  editor = 	 {Soltan, Piotr M. and Pusz, Wieslaw},
  volume = 	 {98},
  series = 	 {Banach Center Publ.},
  organization = {Polish Academy of Sciences},
  publisher = {Polish Academy of Sciences,  Institute of Mathematics, Warsaw}}


@ARTICLE{VDW1,
   author = {{Van Daele}, A. and {Wang}, S.},
    title = "{Weak Multiplier Hopf Algebras. The main theory}",
  journal = {ArXiv e-prints},
archivePrefix = "arXiv",
   eprint = {1210.4395},
 primaryClass = "math.RA",
 keywords = {Mathematics - Rings and Algebras, Mathematics - Operator Algebras, 16T05},
     year = 2012,
    month = oct,
note= {to appear in  \emph{Crelles Journal}},
   adsurl = {http://adsabs.harvard.edu/abs/2012arXiv1210.4395V },
  adsnote = {Provided by the SAO/NASA Astrophysics Data System}
}


@ARTICLE{Yam1,
   author = {{Yamagami}, S.},
    title = "{A categorical and diagrammatical approach to Temperley-Lieb algebras}",
  journal = {ArXiv Mathematics e-prints},
   eprint = {math/0405267},
 keywords = {Quantum Algebra, Operator Algebras, 18D10, 47L37},
     year = 2004,
    month = may,
   adsurl = {http://adsabs.harvard.edu/abs/2004math......5267Y},
  adsnote = {Provided by the SAO/NASA Astrophysics Data System}
}

@article{Wor1,
    AUTHOR = {Woronowicz, S. L.},
     TITLE = {Twisted {${\rm SU}(2)$} group. {A}n example of a
              noncommutative differential calculus},
   JOURNAL = {Publ. Res. Inst. Math. Sci.},
  FJOURNAL = {Kyoto University. Research Institute for Mathematical
              Sciences. Publications},
    VOLUME = 23,
      YEAR = 1987,
    NUMBER = 1,
     PAGES = {117--181},
      ISSN = {0034-5318},
     CODEN = {KRMPBV},
   MRCLASS = {46L99 (22D25 22E45 46L80 58H05)},
  MRNUMBER = {MR890482 (88h:46130)},
MRREVIEWER = {Marc Rosso},
}


