@article {maghfoul,
    AUTHOR = {Maghfoul, Mohamed},
     TITLE = {{$C^*$}-alg\`ebre de {W}oronowicz et moyenne de {H}aar},
   JOURNAL = {C. R. Acad. Sci. Paris S\'er. I Math.},
  FJOURNAL = {Comptes Rendus de l'Acad\'emie des Sciences. S\'erie I.
              Math\'ematique},
    VOLUME = {324},
      YEAR = {1997},
    NUMBER = {4},
     PAGES = {393--396},
      ISSN = {0764-4442},
     CODEN = {CASMEI},
   MRCLASS = {46L89 (19K35 46L05)},
  MRNUMBER = {1440955 (98d:46079)},
MRREVIEWER = {Aldo J. Lazar},
       DOI = {10.1016/S0764-4442(97)80074-2},
       URL = {http://dx.doi.org/10.1016/S0764-4442(97)80074-2},
}
		


@article {MR88h:46123,
    AUTHOR = {Muhly, Paul S. and Renault, Jean N. and Williams, Dana P.},
     TITLE = {Equivalence and isomorphism for groupoid {$C\sp
              \ast$}-algebras},
   JOURNAL = {J. Operator Theory},
  FJOURNAL = {Journal of Operator Theory},
    VOLUME = 17,
      YEAR = 1987,
    NUMBER = 1,
     PAGES = {3--22},
      ISSN = {0379-4024},
   MRCLASS = {46L55 (22D25)},
  MRNUMBER = {88h:46123},
MRREVIEWER = {Jonathan M. Rosenberg},
}

@book {abe,
    AUTHOR = {Abe, Eiichi},
     TITLE = {Hopf algebras},
    SERIES = {Cambridge Tracts in Mathematics},
    VOLUME = {74},
      NOTE = {Translated from the Japanese by Hisae Kinoshita and Hiroko
              Tanaka},
 PUBLISHER = {Cambridge University Press},
   ADDRESS = {Cambridge},
      YEAR = {1980},
     PAGES = {xii+284},
      ISBN = {0-521-22240-0},
   MRCLASS = {16A24 (14L17)},
  MRNUMBER = {MR594432 (83a:16010)},
}
@article {akemann,
    AUTHOR = {Akemann, Charles A. and Pedersen, Gert K. and Tomiyama, Jun},
     TITLE = {Multipliers of {$C\sp*$}-algebras},
   JOURNAL = {J. Funct. Anal.},
    VOLUME = {13},
      YEAR = {1973},
     PAGES = {277--301},
   MRCLASS = {46L05},
  MRNUMBER = {MR0470685 (57 \#10431)},
}

@article{baaj:1,
    AUTHOR = {Baaj, Saad and Skandalis, Georges},
     TITLE = {{$C\sp \ast$}-alg\`ebres de {H}opf et th\'eorie de {K}asparov
              \'equivariante},
   JOURNAL = {$K$-Theory},
  FJOURNAL = {$K$-Theory. An Interdisciplinary Journal for the Development,
              Application, and Influence of $K$-Theory in the Mathematical
              Sciences},
    VOLUME = {2},
      YEAR = {1989},
    NUMBER = {6},
     PAGES = {683--721},
      ISSN = {0920-3036},
     CODEN = {KTHEEO},
   MRCLASS = {46L80 (19K33 22D25 58G12)},
  MRNUMBER = {MR1010978 (90j:46061)},
MRREVIEWER = {Claude Schochet},
}

@article {baaj:10,
    AUTHOR = {Baaj, Saad},
     TITLE = {Repr\'esentation r\'eguli\`ere du groupe quantique des
              d\'eplacements de {W}oronowicz},
      NOTE = {Recent advances in operator algebras (Orl\'eans, 1992)},
   JOURNAL = {Ast\'erisque},
  FJOURNAL = {Ast\'erisque},
    NUMBER = {232},
      YEAR = {1995},
     PAGES = {11--48},
      ISSN = {0303-1179},
   MRCLASS = {46L89 (58B30)},
  MRNUMBER = {MR1372523 (97a:46107)},
MRREVIEWER = {Aldo J. Lazar},
}

@article {baaj:11,
    AUTHOR = {Baaj, Saad and Skandalis, Georges},
     TITLE = {Unitaires multiplicatifs commutatifs},
   JOURNAL = {C. R. Math. Acad. Sci. Paris},
  FJOURNAL = {Comptes Rendus Math\'ematique. Acad\'emie des Sciences. Paris},
    VOLUME = {336},
      YEAR = {2003},
    NUMBER = {4},
     PAGES = {299--304},
      ISSN = {1631-073X},
   MRCLASS = {46L89 (22D25 46L05 81R50)},
  MRNUMBER = {MR1976307 (2004c:46135)},
MRREVIEWER = {Erik B{\'e}dos},
}

@article {baaj:12,
    AUTHOR = {Baaj, Saad},
     TITLE = {Repr\'esentation r\'eguli\`ere du groupe quantique {$E\sb
              \mu(2)$} de {W}oronowicz},
   JOURNAL = {C. R. Acad. Sci. Paris S\'er. I Math.},
  FJOURNAL = {Comptes Rendus de l'Acad\'emie des Sciences. S\'erie I.
              Math\'ematique},
    VOLUME = {314},
      YEAR = {1992},
    NUMBER = {13},
     PAGES = {1021--1026},
      ISSN = {0764-4442},
     CODEN = {CASMEI},
   MRCLASS = {46L87 (16W30 22D25 58B30)},
  MRNUMBER = {MR1168528 (93f:46106)},
MRREVIEWER = {Albert Jeu-Liang Sheu},
}

@article{baaj:mu,
    AUTHOR = {Baaj, Saad and Skandalis, Georges},
     TITLE = {Unitaires multiplicatifs et dualit\'e pour les produits
              crois\'es de {$C\sp *$}-alg\`ebres},
   JOURNAL = {Ann. Sci. \'Ecole Norm. Sup. (4)},
  FJOURNAL = {Annales Scientifiques de l'\'Ecole Normale Sup\'erieure.
              Quatri\`eme S\'erie},
    VOLUME = {26},
      YEAR = {1993},
    NUMBER = {4},
     PAGES = {425--488},
      ISSN = {0012-9593},
     CODEN = {ASENAH},
   MRCLASS = {46L89 (22D25 46L05 81R50)},
  MRNUMBER = {MR1235438 (94e:46127)},
MRREVIEWER = {Palle E. T. Jorgensen},
}

@Misc{baaj:20,
  author = 	 {Baaj, Saad},
  title = 	 {Multiplicateurs non born\'es},
  school = 	 {Universit\'e Paris 6},
  year = 	 1980,
  note =	 {Th\`ese 3\`eme cycle}
}



@article {baaj:kac-cohom,
    AUTHOR = {Baaj, Saad and Skandalis, Georges and Vaes, Stefaan},
     TITLE = {Measurable {K}ac cohomology for bicrossed products},
   JOURNAL = {Trans. Amer. Math. Soc.},
  FJOURNAL = {Transactions of the American Mathematical Society},
    VOLUME = {357},
      YEAR = {2005},
    NUMBER = {4},
     PAGES = {1497--1524 (electronic)},
      ISSN = {0002-9947},
     CODEN = {TAMTAM},
   MRCLASS = {22D05 (46L65)},
  MRNUMBER = {MR2115374 (2006e:22006)},
}
@article {baaj:mu-semi-regular,
    AUTHOR = {Baaj, Saad and Skandalis, Georges and Vaes, Stefaan},
     TITLE = {Non-semi-regular quantum groups coming from number theory},
   JOURNAL = {Comm. Math. Phys.},
  FJOURNAL = {Communications in Mathematical Physics},
    VOLUME = {235},
      YEAR = {2003},
    NUMBER = {1},
     PAGES = {139--167},
      ISSN = {0010-3616},
     CODEN = {CMPHAY},
   MRCLASS = {46L65 (11R56 22D25 46L55)},
  MRNUMBER = {MR1969723 (2004g:46083)},
MRREVIEWER = {Byung-Jay Kahng},
}


@article {banica:orthogonal,
    AUTHOR = {Banica, Teodor},
     TITLE = {Th\'eorie des repr\'esentations du groupe quantique compact
              libre {${\rm O}(n)$}},
   JOURNAL = {C. R. Acad. Sci. Paris S\'er. I Math.},
  FJOURNAL = {Comptes Rendus de l'Acad\'emie des Sciences. S\'erie I.
              Math\'ematique},
    VOLUME = {322},
      YEAR = {1996},
    NUMBER = {3},
     PAGES = {241--244},
      ISSN = {0764-4442},
     CODEN = {CASMEI},
   MRCLASS = {46L89 (16W30 17B37 22D25 81R50)},
  MRNUMBER = {MR1378260 (97a:46108)},
MRREVIEWER = {Albert Jeu-Liang Sheu},
}

@article {banica:permutation,
    AUTHOR = {Banica, Teodor},
     TITLE = {Symmetries of a generic coaction},
   JOURNAL = {Math. Ann.},
  FJOURNAL = {Mathematische Annalen},
    VOLUME = {314},
      YEAR = {1999},
    NUMBER = {4},
     PAGES = {763--780},
      ISSN = {0025-5831},
     CODEN = {MAANA},
   MRCLASS = {46L55 (46L37 81R50)},
  MRNUMBER = {MR1709109 (2001g:46146)},
MRREVIEWER = {Steven P. Kaliszewski},
}

@article {banica:permutation-haar,
    AUTHOR = {Banica, Teodor and Collins, Beno{\^{\i}}t},
     TITLE = {Integration over quantum permutation groups},
   JOURNAL = {J. Funct. Anal.},
  FJOURNAL = {Journal of Functional Analysis},
    VOLUME = {242},
      YEAR = {2007},
    NUMBER = {2},
     PAGES = {641--657},
      ISSN = {0022-1236},
     CODEN = {JFUAAW},
   MRCLASS = {46Lxx (81R50)},
  MRNUMBER = {MR2274824},
}

@article {banica:unitary,
    AUTHOR = {Banica, Teodor},
     TITLE = {Le groupe quantique compact libre {${\rm U}(n)$}},
   JOURNAL = {Comm. Math. Phys.},
  FJOURNAL = {Communications in Mathematical Physics},
    VOLUME = {190},
      YEAR = {1997},
    NUMBER = {1},
     PAGES = {143--172},
      ISSN = {0010-3616},
     CODEN = {CMPHAY},
   MRCLASS = {46L05 (46L60 81R50)},
  MRNUMBER = {MR1484551 (99k:46095)},
}

@article {bcm,
    AUTHOR = {Blattner, Robert J. and Cohen, Miriam and Montgomery, Susan},
     TITLE = {Crossed products and inner actions of {H}opf algebras},
   JOURNAL = {Trans. Amer. Math. Soc.},
  FJOURNAL = {Transactions of the American Mathematical Society},
    VOLUME = 298,
      YEAR = 1986,
    NUMBER = 2,
     PAGES = {671--711},
      ISSN = {0002-9947},
     CODEN = {TAMTAM},
   MRCLASS = {16A24 (16A03 16A72 46L40)},
  MRNUMBER = {MR860387 (87k:16012)},
MRREVIEWER = {Donald S. Passman},
}

@book {blackadar,
    AUTHOR = {Blackadar, B.},
     TITLE = {Operator algebras},
    SERIES = {Encyclopaedia of Mathematical Sciences},
    VOLUME = {122},
 PUBLISHER = {Springer-Verlag},
   ADDRESS = {Berlin},
      YEAR = {2006},
     PAGES = {xx+517},
      ISBN = {978-3-540-28486-4; 3-540-28486-9},
   MRCLASS = {46Lxx},
  MRNUMBER = {MR2188261},
}
 

@article {kasparov:invent,
    AUTHOR = {Kasparov, G. G.},
     TITLE = {Equivariant {$KK$}-theory and the {N}ovikov conjecture},
   JOURNAL = {Invent. Math.},
  FJOURNAL = {Inventiones Mathematicae},
    VOLUME = {91},
      YEAR = {1988},
    NUMBER = {1},
     PAGES = {147--201},
      ISSN = {0020-9910},
     CODEN = {INVMBH},
   MRCLASS = {58G12 (19K33 19K56 46L80 46M20 53C20 57R67)},
  MRNUMBER = {MR918241 (88j:58123)},
MRREVIEWER = {Jonathan M. Rosenberg},
}

@article {blanchard:champs,
    AUTHOR = {Blanchard, {\'E}tienne},
     TITLE = {Repr\'esentations de champs de {$C\sp *$}-alg\`ebres},
   JOURNAL = {C. R. Acad. Sci. Paris S\'er. I Math.},
  FJOURNAL = {Comptes Rendus de l'Acad\'emie des Sciences. S\'erie I.
              Math\'ematique},
    VOLUME = {314},
      YEAR = {1992},
    NUMBER = {12},
     PAGES = {911--914},
      ISSN = {0764-4442},
     CODEN = {CASMEI},
   MRCLASS = {46L05 (46M20)},
  MRNUMBER = {MR1168323 (93f:46087)},
MRREVIEWER = {Robert S. Doran},
}
 
      @article {blanchard:tensor,
    AUTHOR = {Blanchard, Etienne},
     TITLE = {Tensor products of {$C(X)$}-algebras over {$C(X)$}},
      NOTE = {Recent advances in operator algebras (Orl{\'e}ans, 1992)},
   JOURNAL = {Ast\'erisque},
  FJOURNAL = {Ast\'erisque},
    NUMBER = {232},
      YEAR = {1995},
     PAGES = {81--92},
      ISSN = {0303-1179},
   MRCLASS = {46L05 (46H25 46M05)},
  MRNUMBER = {MR1372526 (96m:46100)},
MRREVIEWER = {Michael Frank},
}         
 
@book {paulsen,
    AUTHOR = {Paulsen, Vern},
     TITLE = {Completely bounded maps and operator algebras},
    SERIES = {Cambridge Studies in Advanced Mathematics},
    VOLUME = {78},
 PUBLISHER = {Cambridge University Press},
   ADDRESS = {Cambridge},
      YEAR = {2002},
     PAGES = {xii+300},
      ISBN = {0-521-81669-6},
   MRCLASS = {46L07 (47A20 47L30)},
  MRNUMBER = {MR1976867 (2004c:46118)},
MRREVIEWER = {Christian Le Merdy},
}

@article {blanchard,
    AUTHOR = {Blanchard, {\'E}tienne},
     TITLE = {D\'eformations de {$C\sp *$}-alg\`ebres de {H}opf},
   JOURNAL = {Bull. Soc. Math. France},
  FJOURNAL = {Bulletin de la Soci\'et\'e Math\'ematique de France},
    VOLUME = 124,
      YEAR = 1996,
    NUMBER = 1,
     PAGES = {141--215},
      ISSN = {0037-9484},
     CODEN = {BSMFAA},
   MRCLASS = {46L05 (16W30 46L30 46L45 46L60 46L87 58B30 81R50)},
  MRNUMBER = {97f:46092},
MRREVIEWER = {Albert Jeu-Liang Sheu},
}

@article {boehm:weak1,
    AUTHOR = {B{\"o}hm, Gabriella and Nill, Florian and Szlach{\'a}nyi,
              Korn{\'e}l},
     TITLE = {Weak {H}opf algebras. {I}. {I}ntegral theory and {$C\sp
              *$}-structure},
   JOURNAL = {J. Algebra},
  FJOURNAL = {Journal of Algebra},
    VOLUME = {221},
      YEAR = {1999},
    NUMBER = {2},
     PAGES = {385--438},
      ISSN = {0021-8693},
     CODEN = {JALGA4},
   MRCLASS = {16W30 (46L60)},
  MRNUMBER = {MR1726707 (2001a:16059)},
MRREVIEWER = {Byung-Jay Kahng},
}

@article {boehm:weak2,
    AUTHOR = {B{\"o}hm, Gabriella and Szlach{\'a}nyi, Korn{\'e}l},
     TITLE = {Weak {H}opf algebras. {II}. {R}epresentation theory,
              dimensions, and the {M}arkov trace},
   JOURNAL = {J. Algebra},
  FJOURNAL = {Journal of Algebra},
    VOLUME = {233},
      YEAR = {2000},
    NUMBER = {1},
     PAGES = {156--212},
      ISSN = {0021-8693},
     CODEN = {JALGA4},
   MRCLASS = {16W30},
  MRNUMBER = {MR1793595 (2001m:16059)},
MRREVIEWER = {Byung-Jay Kahng},
}

@book {borel,
    AUTHOR = {Borel, Armand},
     TITLE = {Linear algebraic groups},
    SERIES = {Graduate Texts in Mathematics},
    VOLUME = {126},
   EDITION = {Second},
 PUBLISHER = {Springer-Verlag},
   ADDRESS = {New York},
      YEAR = {1991},
     PAGES = {xii+288},
      ISBN = {0-387-97370-2},
   MRCLASS = {20-01 (20Gxx)},
  MRNUMBER = {MR1102012 (92d:20001)},
MRREVIEWER = {F. D. Veldkamp},
}
@book{bourbaki,
    AUTHOR = {Bourbaki, Nicolas},
     TITLE = {General topology. {C}hapters 1--4},
    SERIES = {Elements of Mathematics (Berlin)},
      NOTE = {Translated from the French,
              Reprint of the 1989 English translation},
 PUBLISHER = {Springer-Verlag},
   ADDRESS = {Berlin},
      YEAR = {1998},
     PAGES = {vii+437},
      ISBN = {3-540-64241-2},
   MRCLASS = {54-02 (00A05 54-01)},
  MRNUMBER = {MR1726779 (2000h:54001a)},
}
 
 @article {vallin:finite,
    AUTHOR = {Vallin, Jean-Michel},
     TITLE = {Groupo\"\i des quantiques finis},
   JOURNAL = {J. Algebra},
  FJOURNAL = {Journal of Algebra},
    VOLUME = {239},
      YEAR = {2001},
    NUMBER = {1},
     PAGES = {215--261},
      ISSN = {0021-8693},
     CODEN = {JALGA4},
   MRCLASS = {16W30 (20L05 46L37 46L99 81R50)},
  MRNUMBER = {2003e:16054},
MRREVIEWER = {Stefaan Vaes},
}

@book {bourbaki:10,
    AUTHOR = {Bourbaki, N.},
     TITLE = {\'{E}l\'ements de math\'ematique. {F}asc. {XXXII}.
              {T}h\'eories spectrales. {C}hapitre {I}: {A}lg\`ebres
              norm\'ees. {C}hapitre {II}: {G}roupes localement compacts
              commutatifs},
    SERIES = {Actualit\'es Scientifiques et Industrielles, No. 1332},
 PUBLISHER = {Hermann},
   ADDRESS = {Paris},
      YEAR = {1967},
     PAGES = {iv+166},
   MRCLASS = {46.50 (22.00)},
  MRNUMBER = {MR0213871 (35 \#4725)},
MRREVIEWER = {R. E. Edwards},
}





@book {bourbaki:2,
    AUTHOR = {Bourbaki, Nicolas},
     TITLE = {Integration. {II}. {C}hapters 7--9},
    SERIES = {Elements of Mathematics (Berlin)},
      NOTE = {Translated from the 1963 and 1969 French originals by Sterling
              K. Berberian},
 PUBLISHER = {Springer-Verlag},
   ADDRESS = {Berlin},
      YEAR = {2004},
     PAGES = {viii+326},
      ISBN = {3-540-20585-3},
   MRCLASS = {28-01 (28C10 28C15)},
  MRNUMBER = {MR2098271 (2005f:28001)},
}


@book {broecker,
    AUTHOR = {Br{\"o}cker, Theodor and tom Dieck, Tammo},
     TITLE = {Representations of compact {L}ie groups},
    SERIES = {Graduate Texts in Mathematics},
    VOLUME = {98},
      NOTE = {Translated from the German manuscript,
              Corrected reprint of the 1985 translation},
 PUBLISHER = {Springer-Verlag},
   ADDRESS = {New York},
      YEAR = {1995},
     PAGES = {x+313},
      ISBN = {0-387-13678-9},
   MRCLASS = {22E45 (22-01 57-01)},
  MRNUMBER = {MR1410059 (97i:22005)},
}


 
 @article {boehm3,
    AUTHOR = {B{\"o}hm, Gabriella and Szlach{\'a}nyi, Korn{\'e}l},
     TITLE = {Weak {$C\sp *$}-{H}opf algebras and multiplicative isometries},
   JOURNAL = {J. Operator Theory},
  FJOURNAL = {Journal of Operator Theory},
    VOLUME = {45},
      YEAR = {2001},
    NUMBER = {2},
     PAGES = {357--376},
      ISSN = {0379-4024},
   MRCLASS = {46L89 (16W30 46L05 46M15)},
  MRNUMBER = {2002c:46135},
MRREVIEWER = {Dmitri A. Nikshych},
}


@article {canniere,
    AUTHOR = {De Canni{\`e}re, Jean},
     TITLE = {Produit crois\'e d'une alg\`ebre de {K}ac par un groupe
              localement compact},
   JOURNAL = {Bull. Soc. Math. France},
  FJOURNAL = {Bulletin de la Soci\'et\'e Math\'ematique de France},
    VOLUME = {107},
      YEAR = {1979},
    NUMBER = {4},
     PAGES = {337--372},
      ISSN = {0037-9484},
     CODEN = {BSMFAA},
   MRCLASS = {46L10 (22D35)},
  MRNUMBER = {MR557076 (82a:46070)},
MRREVIEWER = {{\c{S}}. Str{\u{a}}til{\u{a}}},
}


@book {chari,
    AUTHOR = {Chari, Vyjayanthi and Pressley, Andrew},
     TITLE = {A guide to quantum groups},
 PUBLISHER = {Cambridge University Press},
   ADDRESS = {Cambridge},
      YEAR = 1994,
     PAGES = {xvi+651},
      ISBN = {0-521-43305-3},
   MRCLASS = {17B37 (16W30 81R50)},
  MRNUMBER = {MR1300632 (95j:17010)},
MRREVIEWER = {Tomasz Brzezi{\'n}ski},
}


@book {chevalley,
    AUTHOR = {Chevalley, Claude},
     TITLE = {Theory of {L}ie {G}roups. {I}},
    SERIES = {Princeton Mathematical Series, vol. 8},
 PUBLISHER = {Princeton University Press},
   ADDRESS = {Princeton, N. J.},
      YEAR = {1946},
     PAGES = {ix+217},
   MRCLASS = {20.0X},
  MRNUMBER = {MR0015396 (7,412c)},
MRREVIEWER = {G. Birkhoff},
}

@incollection {connes,
    AUTHOR = {Connes, A.},
     TITLE = {A survey of foliations and operator algebras},
 BOOKTITLE = {Operator algebras and applications, Part I (Kingston, Ont.,
              1980)},
    SERIES = {Proc. Sympos. Pure Math.},
    VOLUME = 38,
     PAGES = {521--628},
 PUBLISHER = {American Mathematical Society},
   ADDRESS = {Providence, R.I.},
      YEAR = 1982,
   MRCLASS = {58G12 (22E25 46L50 57R30 58F18 58G10)},
  MRNUMBER = {84m:58140},
MRREVIEWER = {Thierry Fack},
}

@article {connes:2,
    AUTHOR = {Connes, A.},
     TITLE = {On the spatial theory of von {N}eumann algebras},
   JOURNAL = {J. Funct. Anal.},
  FJOURNAL = {Journal of Functional Analysis},
    VOLUME = {35},
      YEAR = {1980},
    NUMBER = {2},
     PAGES = {153--164},
      ISSN = {0022-1236},
     CODEN = {JFUAAW},
   MRCLASS = {46L10 (46L40)},
  MRNUMBER = {MR561983 (81g:46083)},
MRREVIEWER = {Richard I. Loebl},
}


 @article {fell,
    AUTHOR = {Fell, J. M. G.},
     TITLE = {A {H}ausdorff topology for the closed subsets of a locally
              compact non-{H}ausdorff space},
   JOURNAL = {Proc. Amer. Math. Soc.},
    VOLUME = {13},
      YEAR = {1962},
     PAGES = {472--476},
   MRCLASS = {54.52 (54.53)},
  MRNUMBER = {25 \#2573},
MRREVIEWER = {F. Cunningham, Jr.},
}
 
 @article {combes,
    AUTHOR = {Combes, Fran{\c{c}}ois},
     TITLE = {Poids sur une {$C\sp{\ast} $}-alg\`ebre},
   JOURNAL = {J. Math. Pures Appl. (9)},
  FJOURNAL = {Journal de Math\'ematiques Pures et Appliqu\'ees. Neuvi\`eme
              S\'erie},
    VOLUME = {47},
      YEAR = {1968},
     PAGES = {57--100},
      ISSN = {0021-7824},
   MRCLASS = {46.65},
  MRNUMBER = {MR0236721 (38 \#5016)},
MRREVIEWER = {D. M. Topping},
}
@book {connes:3,
    AUTHOR = {Connes, Alain},
     TITLE = {Noncommutative geometry},
 PUBLISHER = {Academic Press Inc.},
   ADDRESS = {San Diego, CA},
      YEAR = {1994},
     PAGES = {xiv+661},
      ISBN = {0-12-185860-X},
   MRCLASS = {46Lxx (19K56 22D25 58B30 58G12 81T13 81V22 81V70)},
  MRNUMBER = {MR1303779 (95j:46063)},
MRREVIEWER = {John Roe},
}
 


  @article {MR2004h:46069,
    AUTHOR = {O'uchi, Moto},
     TITLE = {Coring structures associated with multiplicative unitary
              operators on {H}ilbert {$C\sp *$}-modules},
   JOURNAL = {Far East J. Math. Sci. (FJMS)},
  FJOURNAL = {Far East Journal of Mathematical Sciences (FJMS)},
    VOLUME = {11},
      YEAR = {2003},
    NUMBER = {2},
     PAGES = {121--136},
      ISSN = {0972-0871},
   MRCLASS = {46L08},
  MRNUMBER = {2004h:46069},
MRREVIEWER = {Esteban Andruchow},
}
 @article {ouchi:2,
    AUTHOR = {O'uchi, Moto},
     TITLE = {Pseudo-multiplicative unitaries associated with inclusions of
              finite-dimensional {$C\sp *$}-algebras},
      NOTE = {Special issue dedicated to Professor T.\ Ando},
   JOURNAL = {Linear Algebra Appl.},
  FJOURNAL = {Linear Algebra and its Applications},
    VOLUME = {341},
      YEAR = {2002},
     PAGES = {201--218},
      ISSN = {0024-3795},
     CODEN = {LAAPAW},
   MRCLASS = {46L08 (46L05 46L89)},
  MRNUMBER = {MR1873620 (2002m:46091)},
MRREVIEWER = {Vladimir Manuilov},
}

@book {conway,
    AUTHOR = {Conway, John B.},
     TITLE = {A course in functional analysis},
    SERIES = {Graduate Texts in Mathematics},
    VOLUME = {96},
   EDITION = {Second},
 PUBLISHER = {Springer-Verlag},
   ADDRESS = {New York},
      YEAR = {1990},
     PAGES = {xvi+399},
      ISBN = {0-387-97245-5},
   MRCLASS = {46-01 (47-01)},
  MRNUMBER = {MR1070713 (91e:46001)},
}
@article {daele:0,
    AUTHOR = {Van Daele, A.},
     TITLE = {Multiplier {H}opf algebras},
   JOURNAL = {Trans. Amer. Math. Soc.},
  FJOURNAL = {Transactions of the American Mathematical Society},
    VOLUME = {342},
      YEAR = {1994},
    NUMBER = {2},
     PAGES = {917--932},
      ISSN = {0002-9947},
     CODEN = {TAMTAM},
   MRCLASS = {16W30},
  MRNUMBER = {MR1220906 (94h:16075)},
MRREVIEWER = {Bernhard Drabant},
}


@article {daele:1,
    AUTHOR = {Van Daele, Alfons},
     TITLE = {An algebraic framework for group duality},
   JOURNAL = {Adv. Math.},
  FJOURNAL = {Advances in Mathematics},
    VOLUME = {140},
      YEAR = {1998},
    NUMBER = {2},
     PAGES = {323--366},
      ISSN = {0001-8708},
     CODEN = {ADMTA4},
   MRCLASS = {16W35},
  MRNUMBER = {MR1658585 (2000g:16045)},
}

@article {daele:2,
    AUTHOR = {Maes, Ann and Van Daele, Alfons},
     TITLE = {Notes on compact quantum groups},
   JOURNAL = {Nieuw Arch. Wisk. (4)},
  FJOURNAL = {Nieuw Archief voor Wiskunde. Vierde Serie},
    VOLUME = {16},
      YEAR = {1998},
    NUMBER = {1-2},
     PAGES = {73--112},
      ISSN = {0028-9825},
     CODEN = {NAWIA7},
   MRCLASS = {46L89 (16W30)},
  MRNUMBER = {MR1645264 (99g:46105)},
MRREVIEWER = {Aldo J. Lazar},
}

@article {daele:20,
    AUTHOR = {Van Daele, A.},
     TITLE = {Discrete quantum groups},
   JOURNAL = {J. Algebra},
  FJOURNAL = {Journal of Algebra},
    VOLUME = {180},
      YEAR = {1996},
    NUMBER = {2},
     PAGES = {431--444},
      ISSN = {0021-8693},
     CODEN = {JALGA4},
   MRCLASS = {16W30 (17B37)},
  MRNUMBER = {MR1378538 (97a:16076)},
MRREVIEWER = {Fang Li},
}
@article {daele:cqg-haar,
    AUTHOR = {Van Daele, A.},
     TITLE = {The {H}aar measure on a compact quantum group},
   JOURNAL = {Proc. Amer. Math. Soc.},
  FJOURNAL = {Proceedings of the American Mathematical Society},
    VOLUME = {123},
      YEAR = {1995},
    NUMBER = {10},
     PAGES = {3125--3128},
      ISSN = {0002-9939},
     CODEN = {PAMYAR},
   MRCLASS = {46L30 (46L60 81R50)},
  MRNUMBER = {MR1277138 (95m:46097)},
}

@article {daele:e2-dual,
    AUTHOR = {Van Daele, A. and Woronowicz, S. L.},
     TITLE = {Duality for the quantum {$E(2)$} group},
   JOURNAL = {Pacific J. Math.},
  FJOURNAL = {Pacific Journal of Mathematics},
    VOLUME = {173},
      YEAR = {1996},
    NUMBER = {2},
     PAGES = {375--385},
      ISSN = {0030-8730},
     CODEN = {PJMAAI},
   MRCLASS = {46L87 (16W30 17B37 22D25 46L60 81R50)},
  MRNUMBER = {MR1394395 (97d:46091)},
MRREVIEWER = {Albert Jeu-Liang Sheu},
}

@TechReport{daele:haar,
  author = 	 {Van Daele, Alfons},
  title = 	 {The {H}aar measure on some locally compact quantum groups},
  institution =  {KU Leuven},
  year = 	 2001,
  note =	 {Available at {\texttt{arxiv.org/math.oa/0205284}}}
}



@incollection {daele:heisenberg,
    AUTHOR = {Van Daele, A.},
     TITLE = {Quantum deformation of the {H}eisenberg group},
 BOOKTITLE = {Current topics in operator algebras (Nara, 1990)},
     PAGES = {314--325},
 PUBLISHER = {World Sci. Publ., River Edge, NJ},
      YEAR = 1991,
   MRCLASS = {46L87 (17B37)},
  MRNUMBER = {MR1193952 (93h:46100)},
}


@article {david,
    AUTHOR = {David, Marie-Claude},
     TITLE = {Paragroupe d'{A}drian {O}cneanu et alg\`ebre de {K}ac},
   JOURNAL = {Pacific J. Math.},
  FJOURNAL = {Pacific Journal of Mathematics},
    VOLUME = {172},
      YEAR = {1996},
    NUMBER = {2},
     PAGES = {331--363},
      ISSN = {0030-8730},
     CODEN = {PJMAAI},
   MRCLASS = {46L37 (46L10)},
  MRNUMBER = {MR1386622 (98f:46051)},
MRREVIEWER = {Claire Anantharaman-Delaroche},
}
@book {dieudonne,
    AUTHOR = {Dieudonn{\'e}, J.},
     TITLE = {Treatise on analysis. {V}ol. {VI}},
    SERIES = {Pure and Applied Mathematics, Vol. 10-VI},
      NOTE = {Translated from the French by I. G. Macdonald},
 PUBLISHER = {Academic Press},
   ADDRESS = {New York},
      YEAR = {1978},
     PAGES = {x+239},
      ISBN = {0-12-215506-8},
   MRCLASS = {43-01 (22-01 58-01)},
  MRNUMBER = {MR0621691 (58 \#29825b)},
MRREVIEWER = {J. Eells},
}

@book {dieudonne:3,
    AUTHOR = {Dieudonn{\'e}, J.},
     TITLE = {Treatise on analysis. {V}ol. {III}},
    SERIES = {Pure and Applied Mathematics, Vol. 10-III},
      NOTE = {Translated from the French by I. G. MacDonald},
  PUBLISHER = {Academic Press},
   ADDRESS = {New York},
      YEAR = 1972,
     PAGES = {xvii+388},
   MRCLASS = {58-02 (00A05)},
  MRNUMBER = {MR0350769 (50 \#3261)},
}

@book {dixmier,
    AUTHOR = {Dixmier, Jacques},
     TITLE = {Les {$C\sp{\ast} $}-alg\`ebres et leurs repr\'esentations},
    SERIES = {Cahiers Scientifiques, Fasc. XXIX},
 PUBLISHER = {Gauthier-Villars \& Cie, \'Editeur-Imprimeur, Paris},
      YEAR = {1964},
     PAGES = {xi+382},
   MRCLASS = {46.65 (22.60)},
  MRNUMBER = {MR0171173 (30 \#1404)},
MRREVIEWER = {R. Arens},
}

@book {dixmier:2,
    AUTHOR = {Dixmier, Jacques},
     TITLE = {Les alg\`ebres d'op\'erateurs dans l'espace hilbertien
              (alg\`ebres de von {N}eumann)},
    SERIES = {Cahiers Scientifiques, Fasc. XXV},
      NOTE = {Deuxi\`eme \'edition, revue et augment\'ee},
 PUBLISHER = {Gauthier-Villars \'Editeur, Paris},
      YEAR = {1969},
     PAGES = {x+367},
   MRCLASS = {46LXX},
  MRNUMBER = {MR0352996 (50 \#5482)},
}

@book {doran:1,
    AUTHOR = {Fell, J. M. G. and Doran, R. S.},
     TITLE = {Representations of {$\sp *$}-algebras, locally compact groups,
              and {B}anach {$\sp *$}-algebraic bundles. {V}ol. 1},
    SERIES = {Pure and Applied Mathematics},
    VOLUME = {125},
 PUBLISHER = {Academic Press Inc.},
   ADDRESS = {Boston, MA},
      YEAR = {1988},
     PAGES = {xviii+746},
      ISBN = {0-12-252721-6},
   MRCLASS = {46-02 (22Dxx 22Exx 46Hxx 46Lxx 46M20)},
  MRNUMBER = {MR936628 (90c:46001)},
MRREVIEWER = {Maurice J. Dupr{\'e}},
}

@book {doran:2,
    AUTHOR = {Fell, J. M. G. and Doran, R. S.},
     TITLE = {Representations of {$\sp *$}-algebras, locally compact groups,
              and {B}anach {$\sp *$}-algebraic bundles. {V}ol. 2},
    SERIES = {Pure and Applied Mathematics},
    VOLUME = {126},
 PUBLISHER = {Academic Press Inc.},
   ADDRESS = {Boston, MA},
      YEAR = {1988},
     PAGES = {i--viii and 747--1486},
      ISBN = {0-12-252722-4},
   MRCLASS = {46-02 (22Dxx 22Exx 46Hxx 46Lxx 46M20)},
  MRNUMBER = {MR936629 (90c:46002)},
MRREVIEWER = {Maurice J. Dupr{\'e}},
}

@inproceedings {drinfeld,
    AUTHOR = {Drinfeld, V. G.},
     TITLE = {Quantum groups},
 BOOKTITLE = {Proceedings of the International Congress of Mathematicians,
              Vol. 1, 2 (Berkeley, Calif., 1986)},
     PAGES = {798--820},
 PUBLISHER = {American Mathematical Society},
   ADDRESS = {Providence, RI},
      YEAR = {1987},
   MRCLASS = {17B50 (16A24 17B65 57T05 58F07 82A05 82A15)},
  MRNUMBER = {MR934283 (89f:17017)},
}

@book {duascualescu,
    AUTHOR = {D{\u{a}}sc{\u{a}}lescu, Sorin and N{\u{a}}st{\u{a}}sescu,
              Constantin and Raianu, {\c{S}}erban},
     TITLE = {Hopf algebras},
    SERIES = {Monographs and Textbooks in Pure and Applied Mathematics},
    VOLUME = {235},
 PUBLISHER = {Marcel Dekker Inc.},
   ADDRESS = {New York},
      YEAR = {2001},
     PAGES = {x+401},
      ISBN = {0-8247-0481-9},
   MRCLASS = {16W30},
  MRNUMBER = {MR1786197 (2001j:16056)},
MRREVIEWER = {Stefaan Caenepeel},
}

@book {dupre,
    AUTHOR = {Dupr{\'e}, Maurice J. and Gillette, R. M.},
     TITLE = {Banach bundles, {B}anach modules and automorphisms of
              {$C\sp{\ast} $}-algebras},
    SERIES = {Research Notes in Mathematics},
    VOLUME = {92},
 PUBLISHER = {Pitman (Advanced Publishing Program)},
   ADDRESS = {Boston, MA},
      YEAR = {1983},
     PAGES = {iii+111},
      ISBN = {0-273-08626-X},
   MRCLASS = {46M20 (46H25 46Lxx)},
  MRNUMBER = {MR721812 (85j:46127)},
MRREVIEWER = {Januario Varela},
}

@article {echter,
    AUTHOR = {Echterhoff, Siegfried and Kaliszewski, S. and Quigg, John and
              Raeburn, Iain},
     TITLE = {A categorical approach to imprimitivity theorems for {$C\sp
              *$}-dynamical systems},
   JOURNAL = {Mem. Amer. Math. Soc.},
  FJOURNAL = {Memoirs of the American Mathematical Society},
    VOLUME = {180},
      YEAR = {2006},
    NUMBER = {850},
     PAGES = {viii+169},
      ISSN = {0065-9266},
     CODEN = {MAMCAU},
   MRCLASS = {46L55 (22Dxx 46Mxx)},
  MRNUMBER = {MR2203930},
}
            

@article {effros,
    AUTHOR = {Effros, Edward G. and Ruan, Zhong-Jin},
     TITLE = {Discrete quantum groups. {I}. {T}he {H}aar measure},
   JOURNAL = {Internat. J. Math.},
  FJOURNAL = {International Journal of Mathematics},
    VOLUME = {5},
      YEAR = {1994},
    NUMBER = {5},
     PAGES = {681--723},
      ISSN = {0129-167X},
   MRCLASS = {46L89 (16W30 46L05 81R50)},
  MRNUMBER = {MR1297413 (95j:46089)},
}

@article {enock:inclusions1,
    AUTHOR = {Enock, Michel and Vallin, Jean-Michel},
     TITLE = {Inclusions of von {N}eumann algebras, and quantum groupoids},
   JOURNAL = {J. Funct. Anal.},
  FJOURNAL = {Journal of Functional Analysis},
    VOLUME = {172},
      YEAR = {2000},
    NUMBER = {2},
     PAGES = {249--300},
      ISSN = {0022-1236},
     CODEN = {JFUAAW},
   MRCLASS = {46L37 (16W30 46L55)},
  MRNUMBER = {2001h:46115},
MRREVIEWER = {Jean N. Renault},
}

@article {enock:10,
    AUTHOR = {Enock, Michel},
     TITLE = {Quantum groupoids of compact type},
   JOURNAL = {J. Inst. Math. Jussieu},
  FJOURNAL = {Journal of the Institute of Mathematics of Jussieu. JIMJ.
              Journal de l'Institute de Math\'ematiques de Jussieu},
    VOLUME = {4},
      YEAR = {2005},
    NUMBER = {1},
     PAGES = {29--133},
      ISSN = {1474-7480},
   MRCLASS = {46L89 (22A22 46L55)},
  MRNUMBER = {MR2115070 (2006c:46059)},
MRREVIEWER = {Teodor Banica},
}



@article {enock:inclusions2,
    AUTHOR = {Enock, Michel and Vallin, Jean-Michel},
     TITLE = {Inclusions of von {N}eumann algebras and quantum groupoids.
              {II}},
   JOURNAL = {J. Funct. Anal.},
  FJOURNAL = {Journal of Functional Analysis},
    VOLUME = {178},
      YEAR = {2000},
    NUMBER = {1},
     PAGES = {156--225},
      ISSN = {0022-1236},
     CODEN = {JFUAAW},
   MRCLASS = {46L37 (16W30 22D25 46L89)},
  MRNUMBER = {2002b:46099},
MRREVIEWER = {Jean N. Renault},
}


@incollection {enock:3,
    AUTHOR = {Enock, Michel},
     TITLE = {Quantum groupoids and pseudo-multiplicative unitaries},
 BOOKTITLE = {Locally compact quantum groups and groupoids (Strasbourg,
              2002)},
    SERIES = {IRMA Lect. Math. Theor. Phys.},
    VOLUME = {2},
     PAGES = {17--47},
 PUBLISHER = {de Gruyter},
   ADDRESS = {Berlin},
      YEAR = {2003},
   MRCLASS = {22Dxx (16W35)},
  MRNUMBER = {1 976 941},
}

@article {enock:50,
    AUTHOR = {Enock, Michel},
     TITLE = {Produit crois\'e d'une alg\`ebre de von {N}eumann par une
              alg\`ebre de {K}ac},
   JOURNAL = {J. Funct. Anal.},
    VOLUME = {26},
      YEAR = {1977},
    NUMBER = {1},
     PAGES = {16--47},
   MRCLASS = {46L10 (22D25)},
  MRNUMBER = {MR0473854 (57 \#13513)},
MRREVIEWER = {S. Sakai},
}
@article {enock:51,
    AUTHOR = {Enock, Michel and Schwartz, Jean-Marie},
     TITLE = {Produit crois\'e d'une alg\`ebre de von {N}eumann par une
              alg\`ebre de {K}ac. {II}},
   JOURNAL = {Publ. Res. Inst. Math. Sci.},
  FJOURNAL = {Kyoto University. Research Institute for Mathematical
              Sciences. Publications},
    VOLUME = {16},
      YEAR = {1980},
    NUMBER = {1},
     PAGES = {189--232},
      ISSN = {0034-5318},
     CODEN = {KRMPBV},
   MRCLASS = {46L10 (22D35 46L40)},
  MRNUMBER = {MR574033 (81m:46084)},
MRREVIEWER = {S. Sakai},
}

@article {enock:inclusions3,
    AUTHOR = {Enock, Michel},
     TITLE = {Inclusions of von {N}eumann algebras and quantum groupo\"\i
              ds. {III}},
   JOURNAL = {J. Funct. Anal.},
  FJOURNAL = {Journal of Functional Analysis},
    VOLUME = {223},
      YEAR = {2005},
    NUMBER = {2},
     PAGES = {311--364},
      ISSN = {0022-1236},
     CODEN = {JFUAAW},
   MRCLASS = {46L37 (16W30 22D25 46L89)},
  MRNUMBER = {MR2142344 (2006d:46083)},
MRREVIEWER = {Jean N. Renault},
}
@article {enock:deformation,
    AUTHOR = {Enock, Michel and Vainerman, Leonid},
     TITLE = {Deformation of a {K}ac algebra by an abelian subgroup},
   JOURNAL = {Comm. Math. Phys.},
  FJOURNAL = {Communications in Mathematical Physics},
    VOLUME = {178},
      YEAR = {1996},
    NUMBER = {3},
     PAGES = {571--596},
      ISSN = {0010-3616},
     CODEN = {CMPHAY},
   MRCLASS = {46L89 (16W30 22D35 81R50)},
  MRNUMBER = {MR1395206 (97f:46115)},
MRREVIEWER = {Robert S. Doran},
}

@article {falcone,
    AUTHOR = {Falcone, Tony},
     TITLE = {{$L\sp 2$}-von {N}eumann modules, their relative tensor
              products and the spatial derivative},
   JOURNAL = {Illinois J. Math.},
  FJOURNAL = {Illinois Journal of Mathematics},
    VOLUME = {44},
      YEAR = {2000},
    NUMBER = {2},
     PAGES = {407--437},
      ISSN = {0019-2082},
     CODEN = {IJMTAW},
   MRCLASS = {46L06 (46L10 46L51)},
  MRNUMBER = {MR1775329 (2001g:46132)},
MRREVIEWER = {Bojan P. Magajna},
}


@book {brown-ozawa,
    AUTHOR = {Brown, Nathanial P. and Ozawa, Narutaka},
     TITLE = {{$C^*$}-algebras and finite-dimensional approximations},
    SERIES = {Graduate Studies in Mathematics},
    VOLUME = {88},
 PUBLISHER = {American Mathematical Society},
   ADDRESS = {Providence, RI},
      YEAR = {2008},
     PAGES = {xvi+509},
      ISBN = {978-0-8218-4381-9; 0-8218-4381-8},
   MRCLASS = {46L05 (43A07 46-02 46L10)},
  MRNUMBER = {2391387 (2009h:46101)},
MRREVIEWER = {Mikael R{\o}rdam},
}
@book {goodearl,
    AUTHOR = {Brown, Ken A. and Goodearl, Ken R.},
     TITLE = {Lectures on algebraic quantum groups},
    SERIES = {Advanced Courses in Mathematics. CRM Barcelona},
 PUBLISHER = {Birkh\"auser Verlag},
   ADDRESS = {Basel},
      YEAR = {2002},
     PAGES = {x+348},
      ISBN = {3-7643-6714-8},
   MRCLASS = {16W35 (17B37 20G42 81R50)},
  MRNUMBER = {MR1898492 (2003f:16067)},
MRREVIEWER = {M{\'a}ty{\'a}s Domokos},
}



@article {haagerup,
    AUTHOR = {Haagerup, Uffe},
     TITLE = {The standard form of von {N}eumann algebras},
   JOURNAL = {Math. Scand.},
  FJOURNAL = {Mathematica Scandinavica},
    VOLUME = {37},
      YEAR = {1975},
    NUMBER = {2},
     PAGES = {271--283},
      ISSN = {0025-5521},
   MRCLASS = {46L10},
  MRNUMBER = {MR0407615 (53 \#11387)},
MRREVIEWER = {H. Araki},
}

@article {haagerup:1,
    AUTHOR = {Haagerup, Uffe},
     TITLE = {Operator-valued weights in von {N}eumann algebras. {I}},
   JOURNAL = {J. Funct. Anal.},
  FJOURNAL = {Journal of Functional Analysis},
    VOLUME = {32},
      YEAR = {1979},
    NUMBER = {2},
     PAGES = {175--206},
      ISSN = {0022-1236},
     CODEN = {JFUAAW},
   MRCLASS = {46L10 (46L50)},
  MRNUMBER = {MR534673 (81e:46049a)},
MRREVIEWER = {M. Takesaki},
}

@article {haagerup:2,
    AUTHOR = {Haagerup, Uffe},
     TITLE = {Operator-valued weights in von {N}eumann algebras. {II}},
   JOURNAL = {J. Funct. Anal.},
  FJOURNAL = {Journal of Functional Analysis},
    VOLUME = {33},
      YEAR = {1979},
    NUMBER = {3},
     PAGES = {339--361},
      ISSN = {0022-1236},
     CODEN = {JFUAAW},
   MRCLASS = {46L10 (46L50)},
  MRNUMBER = {MR549119 (81e:46049b)},
MRREVIEWER = {M. Takesaki},
}
 
@article{haefliger,
    AUTHOR = {Haefliger, Andr{\'e}},
     TITLE = {Groupo\"\i des d'holonomie et classifiants},
      NOTE = {Transversal structure of foliations (Toulouse, 1982)},
   JOURNAL = {Ast\'erisque},
  FJOURNAL = {Ast\'erisque},
    NUMBER = 116,
      YEAR = 1984,
     PAGES = {70--97},
      ISSN = {0303-1179},
   MRCLASS = {57R30 (58H10)},
  MRNUMBER = {MR755163 (86c:57026a)},
MRREVIEWER = {Raymond Barre},
}


@book {hewitt,
    AUTHOR = {Hewitt, Edwin and Ross, Kenneth A.},
     TITLE = {Abstract harmonic analysis. {V}ol. {I}: {S}tructure of topological groups, integration theory, group representations},
    SERIES = {Grundlehren der Mathematischen Wissenschaften},
   EDITION = {Second},
  VOLUME={115},
 PUBLISHER = {Springer-Verlag},
   ADDRESS = {Berlin},
      YEAR = 1979,
     PAGES = {ix+519},
      ISBN = {3-540-09434-2},
   MRCLASS = {43-02 (22-01)},
  MRNUMBER = {81k:43001},
}

@book {hewitt2,
    AUTHOR = {Hewitt, Edwin and Ross, Kenneth A.},
     TITLE = {Abstract harmonic analysis. {V}ol. {II}: {S}tructure and
              analysis for compact groups. {A}nalysis on locally compact
              {A}belian groups},
    SERIES = {Die Grundlehren der mathematischen Wissenschaften},
 VOLUME={152},
 PUBLISHER = {Springer-Verlag},
   ADDRESS = {New York},
      YEAR = 1970,
     PAGES = {ix+771},
   MRCLASS = {42.50 (22.00)},
  MRNUMBER = {MR0262773 (41 \#7378)},
MRREVIEWER = {R. E. Edwards},
}

@book {hille:2,
    AUTHOR = {Hille, Einar},
     TITLE = {Analytic function theory. {V}ol. {II}},
    SERIES = {Introductions to Higher Mathematics},
 PUBLISHER = {Ginn and Co., Boston, Mass.-New York-Toronto, Ont.},
      YEAR = {1962},
     PAGES = {xii+496},
   MRCLASS = {30.00},
  MRNUMBER = {MR0201608 (34 \#1490)},
MRREVIEWER = {G. R. MacLane},
}

@book {hochschild,
    AUTHOR = {Hochschild, Gerhard P.},
     TITLE = {Basic theory of algebraic groups and {L}ie algebras},
    SERIES = {Graduate Texts in Mathematics},
    VOLUME = 75,
 PUBLISHER = {Springer-Verlag},
   ADDRESS = {New York},
      YEAR = 1981,
     PAGES = {viii+267},
      ISBN = {0-387-90541-3},
   MRCLASS = {20-02 (17-01 20Gxx)},
  MRNUMBER = {MR620024 (82i:20002)},
MRREVIEWER = {R. H. Dye},
}

@article {hopf,
    AUTHOR = {Hopf, Heinz},
     TITLE = {\"{U}ber die {T}opologie der {G}ruppen-{M}annigfaltigkeiten
              und ihre {V}erallgemeinerungen},
   JOURNAL = {Ann. of Math. (2)},
  FJOURNAL = {Annals of Mathematics. Second Series},
    VOLUME = {42},
      YEAR = {1941},
     PAGES = {22--52},
      ISSN = {0003-486X},
   MRCLASS = {56.0X},
  MRNUMBER = {MR0004784 (3,61b)},
MRREVIEWER = {W. Hurewicz},
}

@article {iorio,
    AUTHOR = {I{\'o}rio, Val{\'e}ria B. de Magalhaes},
     TITLE = {Hopf {$C\sp{\ast} $}-algebras and locally compact groups},
   JOURNAL = {Pacific J. Math.},
  FJOURNAL = {Pacific Journal of Mathematics},
    VOLUME = 87,
      YEAR = 1980,
    NUMBER = 1,
     PAGES = {75--96},
      ISSN = {0030-8730},
     CODEN = {PJMAAI},
   MRCLASS = {22D25 (16A24 46L05)},
  MRNUMBER = {MR590869 (82b:22007)},
MRREVIEWER = {G. A. Reid},
}

 
@PhdThesis{jacobs:thesis,
  author = 	 {Jacobs, Arnoud},
  title = 	 {The quantum {$E(2)$} group},
  school = 	 {KU Leuven},
  year = 	 2005,
note = {Available at \texttt{http://hdl.handle.net/1979/154}}
}
@book {jantzen,
    AUTHOR = {Jantzen, Jens Carsten},
     TITLE = {Lectures on quantum groups},
    SERIES = {Graduate Studies in Mathematics},
    VOLUME = {6},
 PUBLISHER = {American Mathematical Society},
   ADDRESS = {Providence, RI},
      YEAR = {1996},
     PAGES = {viii+266},
      ISBN = {0-8218-0478-2},
   MRCLASS = {17B37 (16W30)},
  MRNUMBER = {MR1359532 (96m:17029)},
MRREVIEWER = {Arun Ram},
}

@article {jimbo,
    AUTHOR = {Jimbo, Michio},
     TITLE = {A {$q$}-difference analogue of {$U(\mathfrak{g})$} and the
              {Y}ang-{B}axter equation},
   JOURNAL = {Lett. Math. Phys.},
  FJOURNAL = {Letters in Mathematical Physics. A Journal for the Rapid
              Dissemination of Short Contributions in the Field of
              Mathematical Physics},
    VOLUME = 10,
      YEAR = 1985,
    NUMBER = 1,
     PAGES = {63--69},
      ISSN = {0377-9017},
     CODEN = {LMPDHQ},
   MRCLASS = {17B35 (17B67 58F07 82A05)},
  MRNUMBER = {MR797001 (86k:17008)},
MRREVIEWER = {Alex Jay Feingold},
}

@preamble{
   "\def\cprime{$'$} "
}
@book {jones,
    AUTHOR = {Jones, V. and Sunder, V. S.},
     TITLE = {Introduction to subfactors},
    SERIES = {London Mathematical Society Lecture Note Series},
    VOLUME = {234},
 PUBLISHER = {Cambridge University Press},
   ADDRESS = {Cambridge},
      YEAR = {1997},
     PAGES = {xii+162},
      ISBN = {0-521-58420-5},
   MRCLASS = {46L37 (46-01 46L10 57M25)},
  MRNUMBER = {MR1473221 (98h:46067)},
MRREVIEWER = {Carl Winsl{\o}w},
}
@incollection {joyal,
    AUTHOR = {Joyal, Andr{\'e} and Street, Ross},
     TITLE = {An introduction to {T}annaka duality and quantum groups},
 BOOKTITLE = {Category theory (Como, 1990)},
    SERIES = {Lecture Notes in Mathematics},
    VOLUME = {1488},
     PAGES = {413--492},
 PUBLISHER = {Springer},
   ADDRESS = {Berlin},
      YEAR = {1991},
   MRCLASS = {18D10 (16W30 17B37 22C05 22D35)},
  MRNUMBER = {MR1173027 (93f:18015)},
MRREVIEWER = {David N. Yetter},
}


@book {kac,
    AUTHOR = {Enock, Michel and Schwartz, Jean-Marie},
     TITLE = {Kac algebras and duality of locally compact groups},
 PUBLISHER = {Springer-Verlag},
   ADDRESS = {Berlin},
      YEAR = {1992},
     PAGES = {x+257},
      ISBN = {3-540-54745-2},
   MRCLASS = {46-02 (22D25 22D35 43A65 46L10 46M99)},
  MRNUMBER = {MR1215933 (94e:46001)},
MRREVIEWER = {Alexander Isaakovich Shtern},
}
@article {kac:0,
    AUTHOR = {Kac, G. I.},
     TITLE = {A generalization of the principle of duality for groups},
   JOURNAL = {Dokl. Akad. Nauk SSSR},
  FJOURNAL = {Doklady Akademii Nauk BSSR},
    VOLUME = {138},
      YEAR = {1961},
     PAGES = {275--278},
      ISSN = {0002-354X},
   MRCLASS = {22.60 (46.65)},
  MRNUMBER = {MR0139692 (25 \#3123)},
MRREVIEWER = {K. A. Ross},
}

@article {kac:2,
    AUTHOR = {Vallin, Jean-Michel},
     TITLE = {{$C\sp \ast$}-alg\`ebres de {H}opf et {$C\sp \ast$}-alg\`ebres
              de {K}ac},
   JOURNAL = {Proc. London Math. Soc. (3)},
  FJOURNAL = {Proceedings of the London Mathematical Society. Third Series},
    VOLUME = {50},
      YEAR = {1985},
    NUMBER = {1},
     PAGES = {131--174},
      ISSN = {0024-6115},
     CODEN = {PLMTAL},
   MRCLASS = {46L55 (16A24 22D25)},
  MRNUMBER = {MR765372 (86f:46072)},
MRREVIEWER = {Marc A. Rieffel},
}
@article {kac:3,
    AUTHOR = {Enock, Michel and Vallin, Jean-Michel},
     TITLE = {{$C\sp \ast$}-alg\`ebres de {K}ac et alg\`ebres de {K}ac},
   JOURNAL = {Proc. London Math. Soc. (3)},
  FJOURNAL = {Proceedings of the London Mathematical Society. Third Series},
    VOLUME = {66},
      YEAR = {1993},
    NUMBER = {3},
     PAGES = {619--650},
      ISSN = {0024-6115},
     CODEN = {PLMTAL},
   MRCLASS = {46L05 (22D25 22D35 46L10)},
  MRNUMBER = {MR1207551 (94e:46101)},
MRREVIEWER = {Robert S. Doran},
}
@article {kac:4,
    AUTHOR = {Vainerman, L. and Kac, G. I.},
     TITLE = {Nonunimodular ring groups and {H}opf-von {N}eumann algebras},
   JOURNAL = {Mat. Sb. (N.S.)},
    VOLUME = {94(136)},
      YEAR = {1974},
     PAGES = {194--225, 335},
   MRCLASS = {22D35 (46L10)},
  MRNUMBER = {MR0348038 (50 \#536)},
MRREVIEWER = {J. M. G. Fell},
}
@article {kac:5,
    AUTHOR = {Vainerman, L. and Kac, G. I.},
     TITLE = {Nonunimodular ring groups, and {H}opf-von {N}eumann algebras},
   JOURNAL = {Soviet. Math. Dokl.},
  FJOURNAL = {Doklady Akademii Nauk SSSR},
    VOLUME = 14,
      YEAR = 1973,
     PAGES = {1144--1148},
}



@article {kac:bicrossed,
    AUTHOR = {Kac, G. I.},
     TITLE = {Group extensions which are ring groups},
   JOURNAL = {Mat. Sb. (N.S.)},
    VOLUME = {76 (118)},
      YEAR = {1968},
     PAGES = {473--496},
   MRCLASS = {46.80 (20.00)},
  MRNUMBER = {MR0229061 (37 \#4639)},
MRREVIEWER = {W. {\.Z}elazko},
}
@book {kadison,
    AUTHOR = {Kadison, Richard V. and Ringrose, John R.},
     TITLE = {Fundamentals of the theory of operator algebras. {V}ol. {I}},
    SERIES = {Graduate Studies in Mathematics},
    VOLUME = {15},
      NOTE = {Reprint of the 1983 original},
 PUBLISHER = {American Mathematical Society},
   ADDRESS = {Providence, RI},
      YEAR = {1997},
     PAGES = {xvi+398},
      ISBN = {0-8218-0819-2},
   MRCLASS = {46-01 (46-02 46Lxx 47-01 47-02 47Dxx)},
  MRNUMBER = {MR1468229 (98f:46001a)},
}


@book {kadison:2,
    AUTHOR = {Kadison, Richard V. and Ringrose, John R.},
     TITLE = {Fundamentals of the theory of operator algebras. {V}ol. {II}},
    SERIES = {Graduate Studies in Mathematics},
    VOLUME = {16},
      NOTE = {Corrected reprint of the 1986 original},
 PUBLISHER = {American Mathematical Society},
   ADDRESS = {Providence, RI},
      YEAR = {1997},
     PAGES = {i--xxii and 399--1074},
      ISBN = {0-8218-0820-6},
   MRCLASS = {46-01 (46-02 46Lxx 47-01 47-02 47Dxx)},
  MRNUMBER = {MR1468230 (98f:46001b)},
}
@article {kahng:1,
    AUTHOR = {Kahng, Byung-Jay},
     TITLE = {Non-compact quantum groups arising from {H}eisenberg type
              {L}ie bialgebras},
   JOURNAL = {J. Operator Theory},
  FJOURNAL = {Journal of Operator Theory},
    VOLUME = {44},
      YEAR = {2000},
    NUMBER = {2},
     PAGES = {303--334},
      ISSN = {0379-4024},
   MRCLASS = {46L87 (22D25 81R50)},
  MRNUMBER = {MR1794821 (2001j:46111)},
MRREVIEWER = {Lyudmila Turowska},
}

@article {kahng:2,
    AUTHOR = {Kahng, Byung-Jay},
     TITLE = {Haar measure on a locally compact quantum group},
   JOURNAL = {J. Ramanujan Math. Soc.},
  FJOURNAL = {Journal of the Ramanujan Mathematical Society},
    VOLUME = {18},
      YEAR = {2003},
    NUMBER = {4},
     PAGES = {384--414},
      ISSN = {0970-1249},
   MRCLASS = {46L65 (46L51)},
  MRNUMBER = {MR2043885 (2005f:46125)},
MRREVIEWER = {Stefaan Vaes},
}

@article {kasparov,
    AUTHOR = {Kasparov, G. G.},
     TITLE = {Equivariant {$KK$}-theory and the {N}ovikov conjecture},
   JOURNAL = {Invent. Math.},
  FJOURNAL = {Inventiones Mathematicae},
    VOLUME = {91},
      YEAR = {1988},
    NUMBER = {1},
     PAGES = {147--201},
      ISSN = {0020-9910},
     CODEN = {INVMBH},
   MRCLASS = {58G12 (19K33 19K56 46L80 46M20 53C20 57R67)},
  MRNUMBER = {MR918241 (88j:58123)},
MRREVIEWER = {Jonathan M. Rosenberg},
}

@book {kassel,
    AUTHOR = {Kassel, Christian},
     TITLE = {Quantum groups},
    SERIES = {Graduate Texts in Mathematics},
    VOLUME = {155},
 PUBLISHER = {Springer-Verlag},
   ADDRESS = {New York},
      YEAR = {1995},
     PAGES = {xii+531},
      ISBN = {0-387-94370-6},
   MRCLASS = {17B37 (16W30 18D10 20F36 57M25 81R50)},
  MRNUMBER = {MR1321145 (96e:17041)},
MRREVIEWER = {Yu. N. Bespalov},
}

@article {khoshkam,
    AUTHOR = {Khoshkam, Mahmood and Skandalis, Georges},
     TITLE = {Regular representation of groupoid {$C\sp *$}-algebras and
              applications to inverse semigroups},
   JOURNAL = {J. Reine Angew. Math.},
  FJOURNAL = {Journal f\"ur die Reine und Angewandte Mathematik},
    VOLUME = {546},
      YEAR = {2002},
     PAGES = {47--72},
      ISSN = {0075-4102},
     CODEN = {JRMAA8},
   MRCLASS = {46L05 (46L55)},
  MRNUMBER = {MR1900993 (2003f:46084)},
MRREVIEWER = {N{\'a}ndor Sieben},
}
@book{klimyk,
    AUTHOR = {Klimyk, Anatoli and Schm{\"u}dgen, Konrad},
     TITLE = {Quantum groups and their representations},
    SERIES = {Texts and Monographs in Physics},
 PUBLISHER = {Springer-Verlag},
   ADDRESS = {Berlin},
      YEAR = {1997},
     PAGES = {xx+552},
      ISBN = {3-540-63452-5},
   MRCLASS = {17B37 (16W30 17B81 46L87 58B30 81R50)},
  MRNUMBER = {MR1492989 (99f:17017)},
MRREVIEWER = {Ian M. Musson},
}
@book {knapp,
    AUTHOR = {Knapp, Anthony W.},
     TITLE = {Lie groups beyond an introduction},
    SERIES = {Progress in Mathematics},
    VOLUME = {140},
   EDITION = {Second},
 PUBLISHER = {Birkh\"auser Boston Inc.},
   ADDRESS = {Boston, MA},
      YEAR = {2002},
     PAGES = {xviii+812},
      ISBN = {0-8176-4259-5},
   MRCLASS = {22-01},
  MRNUMBER = {MR1920389 (2003c:22001)},
}
@article {koelink,
    AUTHOR = {Koelink, Erik and Kustermans, Johan},
     TITLE = {A locally compact quantum group analogue of the normalizer of
              {$\rm SU(1,1)$} in {${\rm SL}(2,\complex)$}},
   JOURNAL = {Comm. Math. Phys.},
  FJOURNAL = {Communications in Mathematical Physics},
    VOLUME = {233},
      YEAR = {2003},
    NUMBER = {2},
     PAGES = {231--296},
      ISSN = {0010-3616},
     CODEN = {CMPHAY},
   MRCLASS = {46L89 (33D90 81R50)},
  MRNUMBER = {MR1962042 (2004c:46136)},
MRREVIEWER = {Stefaan Vaes},
}

@incollection {koelink:dual,
    AUTHOR = {Koelink, Erik and Kustermans, Johan},
     TITLE = {Quantum {$\widetilde{\rm SU}(1,1)$} and its {P}ontryagin dual},
 BOOKTITLE = {Locally compact quantum groups and groupoids (Strasbourg,
              2002)},
    SERIES = {IRMA Lect. Math. Theor. Phys.},
    VOLUME = {2},
     PAGES = {49--77},
 PUBLISHER = {de Gruyter},
   ADDRESS = {Berlin},
      YEAR = {2003},
   MRCLASS = {17B37 (22D20 46L65)},
  MRNUMBER = {MR1976942 (2004c:17030)},
MRREVIEWER = {Liliana Pavel},
}
@article {koornwinder,
    AUTHOR = {Koornwinder, T. H.},
     TITLE = {Representations of the twisted {${\rm SU}(2)$} quantum group
              and some {$q$}-hypergeometric orthogonal polynomials},
   JOURNAL = {Nederl. Akad. Wetensch. Indag. Math.},
  FJOURNAL = {Koninklijke Nederlandse Akademie van Wetenschappen.
              Indagationes Mathematicae},
    VOLUME = {51},
      YEAR = {1989},
    NUMBER = {1},
     PAGES = {97--117},
      ISSN = {0019-3577},
     CODEN = {IMTHBJ},
   MRCLASS = {17B35 (22E45 33A30 33A65)},
  MRNUMBER = {MR993682 (90h:17016)},
MRREVIEWER = {Philip Hanlon},
}

@book {korogodski,
    AUTHOR = {Korogodski, Leonid I. and Soibelman, Yan S.},
     TITLE = {Algebras of functions on quantum groups. {P}art {I}},
    SERIES = {Mathematical Surveys and Monographs},
    VOLUME = {56},
 PUBLISHER = {American Mathematical Society},
   ADDRESS = {Providence, RI},
      YEAR = {1998},
     PAGES = {x+150},
      ISBN = {0-8218-0336-0},
   MRCLASS = {17B37 (16W30 58F05 81R50)},
  MRNUMBER = {MR1614943 (99a:17022)},
MRREVIEWER = {W{\l}adys{\l}aw Marcinek},
}
@book {fell:rep2,
    AUTHOR = {Fell, J. M. G. and Doran, R. S.},
     TITLE = {Representations of {$\sp *$}-algebras, locally compact groups,
              and {B}anach {$\sp *$}-algebraic bundles. {V}ol. 2},
    SERIES = {Pure and Applied Mathematics},
    VOLUME = {126},
      NOTE = {Banach ${\sp{*}}$-algebraic bundles, induced representations,
              and the generalized Mackey analysis},
 PUBLISHER = {Academic Press Inc.},
   ADDRESS = {Boston, MA},
      YEAR = {1988},
     PAGES = {i--viii and 747--1486},
      ISBN = {0-12-252722-4},
   MRCLASS = {46-02 (22Dxx 22Exx 46Hxx 46Lxx 46M20)},
  MRNUMBER = {MR936629 (90c:46002)},
MRREVIEWER = {Maurice J. Dupr{\'e}},
}
@article {kumjian,
    AUTHOR = {Kumjian, Alex},
     TITLE = {Fell bundles over groupoids},
   JOURNAL = {Proc. Amer. Math. Soc.},
  FJOURNAL = {Proceedings of the American Mathematical Society},
    VOLUME = {126},
      YEAR = {1998},
    NUMBER = {4},
     PAGES = {1115--1125},
      ISSN = {0002-9939},
     CODEN = {PAMYAR},
   MRCLASS = {46L05 (22A22 22D25 46M20)},
  MRNUMBER = {MR1443836 (98i:46055)},
MRREVIEWER = {Robert S. Doran},
}
@article {kustermans:1,
    AUTHOR = {Kustermans, Johan and Tuset, Lars},
     TITLE = {A survey of {$C\sp *$}-algebraic quantum groups. {I}},
   JOURNAL = {Irish Math. Soc. Bull.},
  FJOURNAL = {Irish Mathematical Society Bulletin},
    NUMBER = {43},
      YEAR = {1999},
     PAGES = {8--63},
      ISSN = {0791-5578},
   MRCLASS = {46L05 (46L87 46L89 81R50)},
  MRNUMBER = {MR1741102 (2001i:46090)},
MRREVIEWER = {Byung-Jay Kahng},
}

@TechReport{kustermans:10,
  title = {{One-parameter representations on C*-algebras}},
  author = {Johan Kustermans},
  institution =  {Odense Universitet},
  year = 	 1997,
Note = {Available at {\texttt{arxiv.org/funct-an/9707009}}},
}

@TechReport{kustermans:kms,
  title = {{KMS}-weights on {$C^*$}-algebras},
  author = {Johan Kustermans},
  institution =  {Odense Universitet},
  year = 	 1997,
Note = {Available at {\texttt{arxiv.org/funct-an/9704008}}},
}

@book{bratteli,
    AUTHOR = {Bratteli, Ola and Robinson, Derek W.},
     TITLE = {Operator algebras and quantum statistical mechanics. {V}ol. 1}, 
 PUBLISHER = {Springer-Verlag},
   ADDRESS = {New York},
      YEAR = {1979},
     PAGES = {xii+500},
      ISBN = {0-387-09187-4},
   MRCLASS = {46Lxx (81D99 81E05 82A15)},
  MRNUMBER = {MR545651 (81a:46070)},
MRREVIEWER = {H. Araki},
}

@article {kustermans:11,
    AUTHOR = {Kustermans, Johan},
     TITLE = {Locally compact quantum groups in the universal setting},
   JOURNAL = {Internat. J. Math.},
  FJOURNAL = {International Journal of Mathematics},
    VOLUME = {12},
      YEAR = {2001},
    NUMBER = {3},
     PAGES = {289--338},
      ISSN = {0129-167X},
   MRCLASS = {46L87 (17B37 58B32)},
  MRNUMBER = {MR1841517 (2002m:46108)},
MRREVIEWER = {Andreas Cap},
}

@article {kustermans:12,
    AUTHOR = {Kustermans, Johan and Vaes, Stefaan},
     TITLE = {The operator algebra approach to quantum groups},
   JOURNAL = {Proc. Natl. Acad. Sci. USA},
  FJOURNAL = {Proceedings of the National Academy of Sciences of the United
              States of America},
    VOLUME = {97},
      YEAR = {2000},
    NUMBER = {2},
     PAGES = {547--552 (electronic)},
      ISSN = {1091-6490},
     CODEN = {PNASFB},
   MRCLASS = {46L05 (46L89 81R50)},
  MRNUMBER = {MR1734955 (2001m:46118)},
MRREVIEWER = {Claudia Pinzari},
}

@article {kustermans:2,
    AUTHOR = {Kustermans, Johan and Tuset, Lars},
     TITLE = {A survey of {$C\sp *$}-algebraic quantum groups. {II}},
   JOURNAL = {Irish Math. Soc. Bull.},
  FJOURNAL = {Irish Mathematical Society Bulletin},
    NUMBER = 44,
      YEAR = 2000,
     PAGES = {6--54},
      ISSN = {0791-5578},
   MRCLASS = {46L05 (46L89 81R50)},
  MRNUMBER = {MR1765697 (2001i:46091)},
MRREVIEWER = {Byung-Jay Kahng},
}


@article {kustermans:algebraic,
    AUTHOR = {Kustermans, J. and Van Daele, A.},
     TITLE = {{$C\sp *$}-algebraic quantum groups arising from algebraic
              quantum groups},
   JOURNAL = {Internat. J. Math.},
  FJOURNAL = {International Journal of Mathematics},
    VOLUME = 8,
      YEAR = 1997,
    NUMBER = 8,
     PAGES = {1067--1139},
      ISSN = {0129-167X},
   MRCLASS = {46L89 (16W30 17B37 46L05)},
  MRNUMBER = {MR1484867 (99a:46130)},
MRREVIEWER = {Tomasz Brzezi{\'n}ski},
}


@incollection {kustermans:3,
    AUTHOR = {Kustermans, Johan},
     TITLE = {Locally compact quantum groups},
 BOOKTITLE = {Quantum independent increment processes. I},
    SERIES = {Lecture Notes in Mathematics},
    VOLUME = {1865},
     PAGES = {99--180},
 PUBLISHER = {Springer},
   ADDRESS = {Berlin},
      YEAR = {2005},
   MRCLASS = {46Lxx (81R50)},
  MRNUMBER = {MR2132094},
}



@book {lance,
    AUTHOR = {Lance, E. C.},
     TITLE = {Hilbert {$C\sp *$}-modules. A toolkit for operator algebraists},
    SERIES = {London Mathematical Society Lecture Note Series},
    VOLUME = {210},
 PUBLISHER = {Cambridge University Press},
   ADDRESS = {Cambridge},
      YEAR = {1995},
     PAGES = {x+130},
      ISBN = {0-521-47910-X},
   MRCLASS = {46L05 (46H25 46K05 46L80 46M05 47D25)},
  MRNUMBER = {MR1325694 (96k:46100)},
MRREVIEWER = {Robert S. Doran},
}


@article {landstad,
    AUTHOR = {Landstad, Magnus B.},
     TITLE = {Duality theory for covariant systems},
   JOURNAL = {Trans. Amer. Math. Soc.},
  FJOURNAL = {Transactions of the American Mathematical Society},
    VOLUME = {248},
      YEAR = {1979},
    NUMBER = {2},
     PAGES = {223--267},
      ISSN = {0002-9947},
     CODEN = {TAMTAM},
   MRCLASS = {46L55},
  MRNUMBER = {MR522262 (80j:46107)},
MRREVIEWER = {Alain Connes},
}
@article {landstad:2,
    AUTHOR = {Landstad, M. B. and Phillips, J. and Raeburn, I. and
              Sutherland, C. E.},
     TITLE = {Representations of crossed products by coactions and principal
              bundles},
   JOURNAL = {Trans. Amer. Math. Soc.},
  FJOURNAL = {Transactions of the American Mathematical Society},
    VOLUME = {299},
      YEAR = {1987},
    NUMBER = {2},
     PAGES = {747--784},
      ISSN = {0002-9947},
     CODEN = {TAMTAM},
   MRCLASS = {46L55 (22D25 46M20)},
  MRNUMBER = {MR869232 (88f:46127)},
MRREVIEWER = {Yoshikazu Katayama},
}
@article {landstad:quantizations,
    AUTHOR = {Landstad, Magnus B.},
     TITLE = {Quantizations arising from abelian subgroups},
   JOURNAL = {Internat. J. Math.},
  FJOURNAL = {International Journal of Mathematics},
    VOLUME = {5},
      YEAR = {1994},
    NUMBER = {6},
     PAGES = {897--936},
      ISSN = {0129-167X},
   MRCLASS = {46L87 (81R50 81S10)},
  MRNUMBER = {MR1299001 (95h:46114)},
MRREVIEWER = {Arne Schirrmacher},
}


@PhdThesis{legall,
  author = 	 {Le Gall, Pierre-Yves},
  title = 	 {Th\'eorie de {K}asparov \'equivariante et groupo\"\i des.},
  school = 	 {Universite Paris VII},
  year = 	 1994
}

@article {legall:2,
    AUTHOR = {Le Gall, Pierre-Yves},
     TITLE = {Th\'eorie de {K}asparov \'equivariante et groupo\"\i des. {I}},
   JOURNAL = {$K$-Theory},
  FJOURNAL = {$K$-Theory. An Interdisciplinary Journal for the Development,
              Application, and Influence of $K$-Theory in the Mathematical
              Sciences},
    VOLUME = {16},
      YEAR = {1999},
    NUMBER = {4},
     PAGES = {361--390},
      ISSN = {0920-3036},
     CODEN = {KTHEEO},
   MRCLASS = {19K35 (20L05 22A22 46L80)},
  MRNUMBER = {2000f:19006},
MRREVIEWER = {Evgeni\u{\i} V. Troitski{\u\i}},
}
@PhdThesis{lesieur:thesis,
  author = 	 {Franck Lesieur},
  title = 	 {Groupo\"ides quantiques mesur\'es: axiomatique, \'etude, dualit\'e, exemples. },
  school = 	 {Universite d'Orl\'eans},
  year = 	 2003,
 Note ={Available at {\texttt{www.univ-orleans.fr/mapmo/publications/lesieur/these.php}}}
}
@article {levendorski,
    AUTHOR = {Levendorski, Serge and Soibelman, Yan},
     TITLE = {Algebras of functions on compact quantum groups, {S}chubert
              cells and quantum tori},
   JOURNAL = {Comm. Math. Phys.},
  FJOURNAL = {Communications in Mathematical Physics},
    VOLUME = {139},
      YEAR = {1991},
    NUMBER = {1},
     PAGES = {141--170},
      ISSN = {0010-3616},
     CODEN = {CMPHAY},
   MRCLASS = {58B30 (16W30 17B37 46L89 57P99)},
  MRNUMBER = {MR1116413 (92h:58020)},
MRREVIEWER = {Palle E. T. Jorgensen},
}

@article {longo,
    AUTHOR = {Longo, Roberto},
     TITLE = {A duality for {H}opf algebras and for subfactors. {I}},
   JOURNAL = {Comm. Math. Phys.},
  FJOURNAL = {Communications in Mathematical Physics},
    VOLUME = {159},
      YEAR = {1994},
    NUMBER = {1},
     PAGES = {133--150},
      ISSN = {0010-3616},
     CODEN = {CMPHAY},
   MRCLASS = {46L37 (16W30)},
  MRNUMBER = {MR1257245 (95h:46097)},
MRREVIEWER = {Yasuyuki Kawahigashi},
}
@article {longo:dimension,
    AUTHOR = {Longo, R. and Roberts, J. E.},
     TITLE = {A theory of dimension},
   JOURNAL = {$K$-Theory},
  FJOURNAL = {$K$-Theory. An Interdisciplinary Journal for the Development,
              Application, and Influence of $K$-Theory in the Mathematical
              Sciences},
    VOLUME = {11},
      YEAR = {1997},
    NUMBER = {2},
     PAGES = {103--159},
      ISSN = {0920-3036},
     CODEN = {KTHEEO},
   MRCLASS = {46L37 (18D10 46M15 81T05)},
  MRNUMBER = {MR1444286 (98i:46065)},
MRREVIEWER = {Sze-Kai Tsui},
}
@book {lusztig,
    AUTHOR = {Lusztig, George},
     TITLE = {Introduction to quantum groups},
    SERIES = {Progress in Mathematics},
    VOLUME = {110},
 PUBLISHER = {Birkh\"auser Boston Inc.},
   ADDRESS = {Boston, MA},
      YEAR = {1993},
     PAGES = {xii+341},
      ISBN = {0-8176-3712-5},
   MRCLASS = {17B37 (16W30 17-02 17B35 81R50)},
  MRNUMBER = {MR1227098 (94m:17016)},
MRREVIEWER = {Jie Du},
}
@book {maclane,
    AUTHOR = {Mac Lane, Saunders},
     TITLE = {Categories for the working mathematician},
    SERIES = {Graduate Texts in Mathematics},
    VOLUME = {5},
   EDITION = {Second},
 PUBLISHER = {Springer-Verlag},
   ADDRESS = {New York},
      YEAR = {1998},
     PAGES = {xii+314},
      ISBN = {0-387-98403-8},
   MRCLASS = {18-02},
  MRNUMBER = {MR1712872 (2001j:18001)},
}

@article {majid:bicrossed,
    AUTHOR = {Majid, Shahn},
     TITLE = {Hopf-von {N}eumann algebra bicrossproducts, {K}ac algebra
              bicrossproducts, and the classical {Y}ang-{B}axter equations},
   JOURNAL = {J. Funct. Anal.},
  FJOURNAL = {Journal of Functional Analysis},
    VOLUME = {95},
      YEAR = {1991},
    NUMBER = {2},
     PAGES = {291--319},
      ISSN = {0022-1236},
     CODEN = {JFUAAW},
   MRCLASS = {46Lxx (16W20 22D35 46L55)},
  MRNUMBER = {MR1092128 (92b:46088)},
MRREVIEWER = {Palle E. T. Jorgensen},
}

@book {majid:foundations,
    AUTHOR = {Majid, Shahn},
     TITLE = {Foundations of quantum group theory},
 PUBLISHER = {Cambridge University Press},
   ADDRESS = {Cambridge},
      YEAR = 1995,
     PAGES = {x+607},
      ISBN = {0-521-46032-8},
   MRCLASS = {17B37 (18D99 81R50)},
  MRNUMBER = {MR1381692 (97g:17016)},
MRREVIEWER = {Dmitri{\u\i} I. Gurevich},
}

@article {manin,
    AUTHOR = {Manin, Yu. I.},
     TITLE = {Notes on quantum groups and quantum de {R}ham complexes},
   JOURNAL = {Teoret. Mat. Fiz.},
  FJOURNAL = {Rossi\u\i skaya Akademiya Nauk. Teoreticheskaya i
              Matematicheskaya Fizika},
    VOLUME = {92},
      YEAR = {1992},
    NUMBER = {3},
     PAGES = {425--450},
      ISSN = {0564-6162},
   MRCLASS = {17B37 (16W30 81R50)},
  MRNUMBER = {MR1225788 (94d:17018)},
MRREVIEWER = {E. J. Taft},
}

@article {masuda,
    AUTHOR = {Masuda, T. and Nakagami, Y. and Woronowicz, S. L.},
     TITLE = {A {$C\sp \ast$}-algebraic framework for quantum groups},
   JOURNAL = {Internat. J. Math.},
  FJOURNAL = {International Journal of Mathematics},
    VOLUME = {14},
      YEAR = {2003},
    NUMBER = {9},
     PAGES = {903--1001},
      ISSN = {0129-167X},
   MRCLASS = {46L89 (16W35 22D35 47L65)},
  MRNUMBER = {MR2020804 (2004j:46100)},
MRREVIEWER = {Erik Koelink},
}
@incollection {masuda:su2:1,
    AUTHOR = {Masuda, Tetsuya and Mimachi, Katsuhisa and Nakagami, Yoshiomi
              and Noumi, Masatoshi and Ueno, Kimio},
     TITLE = {Representation of quantum groups},
 BOOKTITLE = {Mappings of operator algebras (Philadelphia, PA, 1988)},
    SERIES = {Progr. Math.},
    VOLUME = {84},
     PAGES = {119--128},
 PUBLISHER = {Birkh\"auser Boston},
   ADDRESS = {Boston, MA},
      YEAR = {1990},
   MRCLASS = {46L45 (16W30 17B37)},
  MRNUMBER = {MR1103374 (92d:46156)},
MRREVIEWER = {Palle E. T. Jorgensen},
}

@article {masuda:su2:2,
    AUTHOR = {Masuda, Tetsuya and Mimachi, Katsuhisa and Nakagami, Yoshiomi
              and Noumi, Masatoshi and Ueno, Kimio},
     TITLE = {Representations of the quantum group {${\rm SU}\sb q(2)$} and
              the little {$q$}-{J}acobi polynomials},
   JOURNAL = {J. Funct. Anal.},
  FJOURNAL = {Journal of Functional Analysis},
    VOLUME = {99},
      YEAR = {1991},
    NUMBER = {2},
     PAGES = {357--386},
      ISSN = {0022-1236},
     CODEN = {JFUAAW},
   MRCLASS = {17B37 (16W30 33D80 81R50)},
  MRNUMBER = {MR1121618 (93c:17027)},
MRREVIEWER = {Erik Koelink},
}
@book {montgomery,
    AUTHOR = {Montgomery, Susan},
     TITLE = {Hopf algebras and their actions on rings},
    SERIES = {CBMS Regional Conference Series in Mathematics},
    VOLUME = {82},
 PUBLISHER = {Published for the Conference Board of the Mathematical
              Sciences, Washington, DC},
      YEAR = {1993},
     PAGES = {xiv+238},
      ISBN = {0-8218-0738-2},
   MRCLASS = {16W30},
  MRNUMBER = {MR1243637 (94i:16019)},
MRREVIEWER = {E. J. Taft},
}

@book {morris,
    AUTHOR = {Morris, Sidney A.},
     TITLE = {Pontryagin duality and the structure of locally compact
              abelian groups},
      SERIES = {London Mathematical Society Lecture Note Series},
VOLUME = {29},
 PUBLISHER = {Cambridge University Press},
   ADDRESS = {Cambridge},
      YEAR = {1977},
     PAGES = {viii+128},
   MRCLASS = {22B05 (43A40)},
  MRNUMBER = {MR0442141 (56 \#529)},
MRREVIEWER = {K. A. Ross},
}

@article {nest,
    AUTHOR = {Enock, Michel and Nest, Ryszard},
     TITLE = {Irreducible inclusions of factors, multiplicative unitaries,
              and {K}ac algebras},
   JOURNAL = {J. Funct. Anal.},
  FJOURNAL = {Journal of Functional Analysis},
    VOLUME = 137,
      YEAR = 1996,
    NUMBER = 2,
     PAGES = {466--543},
      ISSN = {0022-1236},
     CODEN = {JFUAAW},
   MRCLASS = {46L37 (46K99 46L10 46L55)},
  MRNUMBER = {MR1387518 (97f:46098)},
MRREVIEWER = {Alexander Isaakovich Shtern},
}
@article {ng,
    AUTHOR = {Ng, Chi-Keung},
     TITLE = {Discrete coactions on {$C\sp \ast$}-algebras},
   JOURNAL = {J. Austral. Math. Soc. Ser. A},
  FJOURNAL = {Australian Mathematical Society. Journal. Series A. Pure
              Mathematics and Statistics},
    VOLUME = {60},
      YEAR = {1996},
    NUMBER = {1},
     PAGES = {118--127},
      ISSN = {0263-6115},
     CODEN = {JAMADS},
   MRCLASS = {46L55},
  MRNUMBER = {MR1364557 (97a:46093)},
MRREVIEWER = {Erik B{\'e}dos},
}

@incollection {niks1,
    AUTHOR = {Nikshych, Dmitri},
     TITLE = {A duality theorem for quantum groupoids},
 BOOKTITLE = {New trends in Hopf algebra theory (La Falda, 1999)},
    SERIES = {Contemp. Math.},
    VOLUME = {267},
     PAGES = {237--243},
 PUBLISHER = {American Mathematical Society},
   ADDRESS = {Providence, RI},
      YEAR = {2000},
   MRCLASS = {16W30 (20L05)},
  MRNUMBER = {MR1800715 (2002c:16052)},
MRREVIEWER = {Alexei P. Isaev},
}
@incollection {ocneanu:1,
    AUTHOR = {Ocneanu, Adrian},
     TITLE = {Quantized groups, string algebras and {G}alois theory for
              algebras},
 BOOKTITLE = {Operator algebras and applications, Vol.\ 2},
    SERIES = {London Mathematical Society Lecture Note Series},
    VOLUME = {136},
     PAGES = {119--172},
 PUBLISHER = {Cambridge University Press},
   ADDRESS = {Cambridge},
      YEAR = {1988},
   MRCLASS = {46L37 (17B37 46N50 81R50 82B23)},
  MRNUMBER = {MR996454 (91k:46068)},
}
@incollection {ocneanu:2,
    AUTHOR = {Ocneanu, Adrian},
     TITLE = {Operator algebras, topology and subgroups of quantum
              symmetry --- construction of subgroups of quantum groups},
 BOOKTITLE = {Taniguchi Conference on Mathematics Nara '98},
    SERIES = {Adv. Stud. Pure Math.},
    VOLUME = {31},
     PAGES = {235--263},
 PUBLISHER = {Math. Soc. Japan},
   ADDRESS = {Tokyo},
      YEAR = {2001},
   MRCLASS = {57R56 (46L05 46L37 46L89 57M27 81R50 81T05)},
  MRNUMBER = {MR1865095 (2002j:57059)},
MRREVIEWER = {Yasuyuki Kawahigashi},
}

@book {onishchik,
    AUTHOR = {Gorbatsevich, V. V. and Onishchik, A. L. and Vinberg, E. B.},
     TITLE = {Foundations of {L}ie theory and {L}ie transformation groups},
      NOTE = {Translated from the Russian by A. Kozlowski,
              Reprint of the 1993 translation [{\it Lie groups and Lie
              algebras. I}, Encyclopaedia Math.\ Sci., 20, Springer, Berlin,
              1993;  MR1306737 (95f:22001)]},
 PUBLISHER = {Springer-Verlag},
   ADDRESS = {Berlin},
      YEAR = {1997},
     PAGES = {vi+235},
      ISBN = {3-540-61222-X},
   MRCLASS = {22Exx (22-01 57Sxx)},
  MRNUMBER = {MR1631937 (99c:22009)},
}

@article {ouchi,
    AUTHOR = {Moto O'uchi},
     TITLE = {Pseudo-multiplicative unitaries on {H}ilbert {$C\sp
              \ast$}-modules},
   JOURNAL = {Far East J. Math. Sci. (FJMS)},
  FJOURNAL = {Far East Journal of Mathematical Sciences (FJMS)},
      YEAR = 2001,
    VOLUME = {Special Volume, Part II},
     PAGES = {229--249},
      ISSN = {0972-0871},
   MRCLASS = {46L08 (46L89)},
  MRNUMBER = {2002i:46060},
MRREVIEWER = {Michael Frank},
}

@article{ouchi:3,
    AUTHOR = {O'uchi, Moto},
     TITLE = {Coring structures associated with multiplicative unitary
              operators on {H}ilbert {$C\sp *$}-modules},
   JOURNAL = {Far East J. Math. Sci. (FJMS)},
  FJOURNAL = {Far East Journal of Mathematical Sciences (FJMS)},
    VOLUME = {11},
      YEAR = {2003},
    NUMBER = {2},
     PAGES = {121--136},
      ISSN = {0972-0871},
   MRCLASS = {46L08},
  MRNUMBER = {MR2020495 (2004h:46069)},
MRREVIEWER = {Esteban Andruchow},
}

@article {pal:haar-measure,
    AUTHOR = {Pal, Arupkumar},
     TITLE = {Haar measure on {$E\sb q(2)$}},
   JOURNAL = {Pacific J. Math.},
  FJOURNAL = {Pacific Journal of Mathematics},
    VOLUME = {176},
      YEAR = {1996},
    NUMBER = {1},
     PAGES = {217--233},
      ISSN = {0030-8730},
     CODEN = {PJMAAI},
   MRCLASS = {46L50 (46L89 58B30 81R50)},
  MRNUMBER = {MR1433990 (97m:46105)},
MRREVIEWER = {Aldo J. Lazar},
}
@PhdThesis{pal:thesis,
  author = 	 {Pal, Arupkumar},
  title = 	 {On some quantum groups and their representations},
  school = 	 {Indian Statistical Institute},
  year = 	 1996
}

@book {paterson,
    AUTHOR = {Paterson, Alan L. T.},
     TITLE = {Groupoids, inverse semigroups, and their operator algebras},
    SERIES = {Progress in Mathematics},
    VOLUME = {170},
 PUBLISHER = {Birkh\"auser Boston Inc.},
   ADDRESS = {Boston, MA},
      YEAR = {1999},
     PAGES = {xvi+274},
      ISBN = {0-8176-4051-7},
   MRCLASS = {22A22 (20M18 22-02 22D25 46L05)},
  MRNUMBER = {MR1724106 (2001a:22003)},
MRREVIEWER = {Jean N. Renault},
}


@book {paterson:2,
    AUTHOR = {Paterson, Alan L. T.},
     TITLE = {Amenability},
    SERIES = {Mathematical Surveys and Monographs},
    VOLUME = {29},
 PUBLISHER = {American Mathematical Society},
   ADDRESS = {Providence, RI},
      YEAR = {1988},
     PAGES = {xx+452},
      ISBN = {0-8218-1529-6},
   MRCLASS = {43-02 (22-02 43A07 46Lxx)},
  MRNUMBER = {MR961261 (90e:43001)},
MRREVIEWER = {C. Chou},
}
@book{pedersen,
    AUTHOR = {Pedersen, Gert K.},
     TITLE = {{$C\sp{\ast} $}-algebras and their automorphism groups},
    SERIES = {London Mathematical Society Monographs},
    VOLUME = 14,
 PUBLISHER = {Academic Press Inc. [Harcourt Brace Jovanovich Publishers]},
   ADDRESS = {London},
      YEAR = 1979,
     PAGES = {ix+416},
      ISBN = {0-12-549450-5},
   MRCLASS = {46Lxx},
  MRNUMBER = {MR548006 (81e:46037)},
MRREVIEWER = {J. W. Bunce},
}

@book {pontrjagin,
    AUTHOR = {Pontrjagin, L.},
     TITLE = {Topological {G}roups},
    SERIES = {Princeton Mathematical Series, v. 2},
      NOTE = {Translated from the Russian by Emma Lehmer},
 PUBLISHER = {Princeton University Press},
   ADDRESS = {Princeton},
      YEAR = {1939},
     PAGES = {ix+299},
   MRCLASS = {20.0X},
  MRNUMBER = {MR0000265 (1,44e)},
MRREVIEWER = {N. E. Steenrod},
}

@article {pusz:functional,
    AUTHOR = {Pusz, W. and So{\l}tan, P. M.},
     TITLE = {Functional form of unitary representations of the quantum
              `{$az+b$}' group},
   JOURNAL = {Rep. Math. Phys.},
  FJOURNAL = {Reports on Mathematical Physics},
    VOLUME = 52,
      YEAR = 2003,
    NUMBER = 2,
     PAGES = {309--319},
      ISSN = {0034-4877},
     CODEN = {RMHPBE},
   MRCLASS = {46L89 (81R50)},
  MRNUMBER = {MR2016222 (2005c:46108)},
MRREVIEWER = {Arup Kumar Pal},
}


@article {pusz:gl2,
    AUTHOR = {Pusz, W. and Woronowicz, S. L.},
     TITLE = {A quantum {${\rm GL}(2,\complex)$} group at roots of unity},
   JOURNAL = {Rep. Math. Phys.},
  FJOURNAL = {Reports on Mathematical Physics},
    VOLUME = {47},
      YEAR = {2001},
    NUMBER = {3},
     PAGES = {431--462},
      ISSN = {0034-4877},
     CODEN = {RMHPBE},
   MRCLASS = {46L52 (46L65 81R50)},
  MRNUMBER = {MR1847638 (2002h:46106)},
MRREVIEWER = {Tomasz Brzezi{\'n}ski},
}

@article {pusz:gl2-double,
    AUTHOR = {Pusz, W.},
     TITLE = {Quantum {${\rm GL}(2,\complex)$} group as double group over
              ``{$az+b$}'' quantum group},
   JOURNAL = {Rep. Math. Phys.},
  FJOURNAL = {Reports on Mathematical Physics},
    VOLUME = {49},
      YEAR = {2002},
    NUMBER = {1},
     PAGES = {113--122},
      ISSN = {0034-4877},
     CODEN = {RMHPBE},
   MRCLASS = {46L65 (20G42 46L87 58B32 81R50)},
  MRNUMBER = {MR1899079 (2003c:46081)},
}

@incollection {pusz:unitary-operators,
    AUTHOR = {Pusz, W. and Woronowicz, S. L.},
     TITLE = {On a quantum group of unitary operators. {T}he quantum
              `{$az+b$}' group},
 BOOKTITLE = {Twenty years of Bialowieza: a mathematical anthology},
    SERIES = {World Sci. Monogr. Ser. Math.},
    VOLUME = {8},
     PAGES = {229--261},
 PUBLISHER = {World Sci. Publ., Hackensack, NJ},
      YEAR = {2005},
   MRCLASS = {46L89 (46L65)},
  MRNUMBER = {MR2181554 (2006j:46072)},
MRREVIEWER = {Tom Hadfield},
}
@article {quaegebeur,
    AUTHOR = {Quaegebeur, J. and Verding, J.},
     TITLE = {A construction for weights on {$C\sp \ast$}-algebras. {D}ual
              weights for {$C\sp \ast$}-crossed products},
   JOURNAL = {Internat. J. Math.},
  FJOURNAL = {International Journal of Mathematics},
    VOLUME = {10},
      YEAR = {1999},
    NUMBER = {1},
     PAGES = {129--157},
      ISSN = {0129-167X},
   MRCLASS = {46L55 (46L05 46L89)},
  MRNUMBER = {MR1678550 (2001d:46099)},
MRREVIEWER = {Tsuyoshi Kajiwara},
}
@article {quigg,
    AUTHOR = {Quigg, John C.},
     TITLE = {Discrete {$C\sp *$}-coactions and {$C\sp *$}-algebraic
              bundles},
   JOURNAL = {J. Austral. Math. Soc. Ser. A},
  FJOURNAL = {Australian Mathematical Society. Journal. Series A. Pure
              Mathematics and Statistics},
    VOLUME = {60},
      YEAR = {1996},
    NUMBER = {2},
     PAGES = {204--221},
      ISSN = {0263-6115},
     CODEN = {JAMADS},
   MRCLASS = {46L55},
  MRNUMBER = {MR1375586 (97c:46086)},
MRREVIEWER = {Yoshikazu Katayama},
}

@book {raeburn,
    AUTHOR = {Raeburn, Iain and Williams, Dana P.},
     TITLE = {Morita equivalence and continuous-trace {$C\sp *$}-algebras},
    SERIES = {Mathematical Surveys and Monographs},
    VOLUME = {60},
 PUBLISHER = {American Mathematical Society},
   ADDRESS = {Providence, RI},
      YEAR = {1998},
     PAGES = {xiv+327},
      ISBN = {0-8218-0860-5},
   MRCLASS = {46L05 (22D99 46L55 46M20)},
  MRNUMBER = {MR1634408 (2000c:46108)},
MRREVIEWER = {Robert S. Doran},
}
@book{renault,
    AUTHOR = {Renault, Jean},
     TITLE = {A groupoid approach to {$C\sp{\ast} $}-algebras},
    SERIES = {Lecture Notes in Mathematics},
    VOLUME = 793,
 PUBLISHER = {Springer},
   ADDRESS = {Berlin},
      YEAR = 1980,
     PAGES = {ii+160},
      ISBN = {3-540-09977-8},
   MRCLASS = {46Lxx (22D25 22D40)},
  MRNUMBER = {MR584266 (82h:46075)},
MRREVIEWER = {A. K. Seda},
}

@incollection {renault:2,
    AUTHOR = {Renault, Jean N.},
     TITLE = {{$C\sp{\ast} $}-algebras of groupoids and foliations},
 BOOKTITLE = {Operator algebras and applications, Part I (Kingston, Ont.,
              1980)},
    SERIES = {Proc. Sympos. Pure Math.},
    VOLUME = {38},
     PAGES = {339--350},
 PUBLISHER = {American Mathematical Society},
   ADDRESS = {Providence, R.I.},
      YEAR = {1982},
   MRCLASS = {46L50 (22D25 46M20 57R30 58H05)},
  MRNUMBER = {MR679714 (84c:46068)},
MRREVIEWER = {A. K. Seda},
}
@article {rieffel,
    AUTHOR = {Rieffel, Marc A.},
     TITLE = {Induced representations of {$C\sp{\ast} $}-algebras},
   JOURNAL = {Advances in Math.},
    VOLUME = {13},
      YEAR = {1974},
     PAGES = {176--257},
   MRCLASS = {46L05 (22D30)},
  MRNUMBER = {MR0353003 (50 \#5489)},
MRREVIEWER = {J. W. Bunce},
}


@incollection {rieffel:deform,
    AUTHOR = {Rieffel, Marc A.},
     TITLE = {Compact quantum groups associated with toral subgroups},
 BOOKTITLE = {Representation theory of groups and algebras},
    SERIES = {Contemp. Math.},
    VOLUME = {145},
     PAGES = {465--491},
 PUBLISHER = {American Mathematical Society},
   ADDRESS = {Providence, RI},
      YEAR = {1993},
   MRCLASS = {22D25 (16W30 46L87)},
  MRNUMBER = {MR1216204 (94i:22022)},
MRREVIEWER = {Walter Schempp},
}

@article {rieffel:non-compact,
    AUTHOR = {Rieffel, Marc A.},
     TITLE = {Non-compact quantum groups associated with abelian subgroups},
   JOURNAL = {Comm. Math. Phys.},
  FJOURNAL = {Communications in Mathematical Physics},
    VOLUME = {171},
      YEAR = {1995},
    NUMBER = {1},
     PAGES = {181--201},
      ISSN = {0010-3616},
     CODEN = {CMPHAY},
   MRCLASS = {46L87 (16W30 17B37 22D25 46L05 58B30 81R50)},
  MRNUMBER = {MR1341699 (96g:46066)},
MRREVIEWER = {Albert Jeu-Liang Sheu},
}

@incollection {rieffel:solvable,
    AUTHOR = {Rieffel, M. A.},
     TITLE = {Some solvable quantum groups},
 BOOKTITLE = {Operator algebras and topology (Craiova, 1989)},
    SERIES = {Pitman Res. Notes Math. Ser.},
    VOLUME = {270},
     PAGES = {146--159},
 PUBLISHER = {Longman Sci. Tech.},
   ADDRESS = {Harlow},
      YEAR = {1992},
   MRCLASS = {46L99 (17B37 22D25 22E25 46L60 81R50)},
  MRNUMBER = {MR1189183 (93i:46132)},
MRREVIEWER = {Albert Jeu-Liang Sheu},
}



@article {rosso:1,
    AUTHOR = {Rosso, Marc},
     TITLE = {Comparaison des groupes {${\rm SU}(2)$} quantiques de
              {D}rinfel\cprime d et de {W}oronowicz},
   JOURNAL = {C. R. Acad. Sci. Paris S\'er. I Math.},
  FJOURNAL = {Comptes Rendus des S\'eances de l'Acad\'emie des Sciences.
              S\'erie I. Math\'ematique},
    VOLUME = {304},
      YEAR = {1987},
    NUMBER = {12},
     PAGES = {323--326},
      ISSN = {0249-6291},
     CODEN = {CASMEI},
   MRCLASS = {22E65 (16A24 22D25 58F05)},
  MRNUMBER = {MR889754 (88h:22033)},
MRREVIEWER = {Pierre de la Harpe},
}

@article {rosso:2,
    AUTHOR = {Rosso, Marc},
     TITLE = {Alg\`ebres enveloppantes quantifi\'ees, groupes quantiques
              compacts de matrices et calcul diff\'erentiel non commutatif},
   JOURNAL = {Duke Math. J.},
  FJOURNAL = {Duke Mathematical Journal},
    VOLUME = {61},
      YEAR = {1990},
    NUMBER = {1},
     PAGES = {11--40},
      ISSN = {0012-7094},
     CODEN = {DUMJAO},
   MRCLASS = {17B37 (16S30 46L87)},
  MRNUMBER = {MR1068378 (92i:17022)},
MRREVIEWER = {Palle E. T. Jorgensen},
}

@article {rowicka,
    AUTHOR = {Rowicka, Ma{\l}gorzata},
     TITLE = {Exponential equations related to the quantum `{$ax+b$}' group},
   JOURNAL = {Comm. Math. Phys.},
  FJOURNAL = {Communications in Mathematical Physics},
    VOLUME = {244},
      YEAR = {2004},
    NUMBER = {3},
     PAGES = {419--453},
      ISSN = {0010-3616},
     CODEN = {CMPHAY},
   MRCLASS = {46L89 (17B37 81R50)},
  MRNUMBER = {MR2034484 (2005g:46133)},
MRREVIEWER = {Lyudmila Turowska},
}

@book{rudin,
    AUTHOR = {Rudin, Walter},
     TITLE = {Functional analysis},
    SERIES = {International Series in Pure and Applied Mathematics},
   EDITION = {Second},
 PUBLISHER = {McGraw-Hill Inc.},
   ADDRESS = {New York},
      YEAR = {1991},
     PAGES = {xviii+424},
      ISBN = {0-07-054236-8},
   MRCLASS = {46-01 (47-01)},
  MRNUMBER = {MR1157815 (92k:46001)},
}


@book {sakai,
    AUTHOR = {Sakai, Sh{\^o}ichir{\^o}},
     TITLE = {{$C\sp*$}-algebras and {$W\sp*$}-algebras},
     SERIES = {Ergebnisse der Mathematik und ihrer Grenzgebiete},
 VOLUME = {60},
 PUBLISHER = {Springer-Verlag},
   ADDRESS = {New York},
      YEAR = {1971},
     PAGES = {xii+253},
   MRCLASS = {46L05 (46L10)},
  MRNUMBER = {MR0442701 (56 \#1082)},
MRREVIEWER = {Richard I. Loebl},
}

@article {sauvageot,
    AUTHOR = {Sauvageot, Jean-Luc},
     TITLE = {Sur le produit tensoriel relatif d'espaces de {H}ilbert},
   JOURNAL = {J. Operator Theory},
  FJOURNAL = {Journal of Operator Theory},
    VOLUME = {9},
      YEAR = {1983},
    NUMBER = {2},
     PAGES = {237--252},
      ISSN = {0379-4024},
   MRCLASS = {46L10 (46M05 46M15)},
  MRNUMBER = {MR703809 (85a:46034)},
MRREVIEWER = {Marc A. Rieffel},
}

@incollection {sauvageot:2,
    AUTHOR = {Sauvageot, Jean-Luc},
     TITLE = {Produits tensoriels de {${Z}$}-modules et applications},
 BOOKTITLE = {Operator algebras and their connections with topology and
              ergodic theory (Bu\c steni, 1983)},
    SERIES = {Lecture Notes in Mathematics},
    VOLUME = {1132},
     PAGES = {468--485},
 PUBLISHER = {Springer},
   ADDRESS = {Berlin},
      YEAR = {1985},
   MRCLASS = {46L10 (46L55 46M05)},
  MRNUMBER = {MR799587 (87d:46067)},
MRREVIEWER = {Marc A. Rieffel},
}

@incollection {schauenburg,
    AUTHOR = {Schauenburg, Peter},
     TITLE = {Duals and doubles of quantum groupoids ({$\times\sb R$}-{H}opf
              algebras)},
 BOOKTITLE = {New trends in Hopf algebra theory (La Falda, 1999)},
    SERIES = {Contemp. Math.},
    VOLUME = {267},
     PAGES = {273--299},
 PUBLISHER = {American Mathematical Society},
   ADDRESS = {Providence, RI},
      YEAR = {2000},
   MRCLASS = {16W30 (16W35 18D10 22A22)},
  MRNUMBER = {MR1800718 (2001i:16073)},
MRREVIEWER = {Mitsuhiro Takeuchi},
}

@book {schwartz,
    AUTHOR = {Schwartz, Laurent},
     TITLE = {Th\'eorie des distributions},
    SERIES = {Publications de l'Institut de Math\'ematique de l'Universit\'e
              de Strasbourg, No. IX-X. Nouvelle \'edition, enti\'erement
              corrig\'ee, refondue et augment\'ee},
 PUBLISHER = {Hermann},
   ADDRESS = {Paris},
      YEAR = 1966,
     PAGES = {xiii+420},
   MRCLASS = {46.40 (44.00)},
  MRNUMBER = {MR0209834 (35 \#730)},
MRREVIEWER = {J. L. B. Cooper},
}

@incollection {sherman,
    AUTHOR = {Sherman, David},
     TITLE = {Relative tensor products for modules over von {N}eumann
              algebras},
 BOOKTITLE = {Function spaces (Edwardsville, IL, 2002)},
    SERIES = {Contemp. Math.},
    VOLUME = {328},
     PAGES = {275--291},
 PUBLISHER = {American Mathematical Society},
   ADDRESS = {Providence, RI},
      YEAR = {2003},
   MRCLASS = {46L10 (46M05)},
  MRNUMBER = {MR1990408 (2004g:46078)},
MRREVIEWER = {Claire Anantharaman-Delaroche},
}

@book {shnider,
    AUTHOR = {Shnider, Steven and Sternberg, Shlomo},
     TITLE = {Quantum groups. From coalgebras to Drinfel\cprime d algebras,
              A guided tour},
    SERIES = {Graduate Texts in Mathematical Physics, II},
 PUBLISHER = {International Press},
   ADDRESS = {Cambridge, MA},
      YEAR = {1993},
     PAGES = {xxii+496},
      ISBN = {1-57146-000-4},
   MRCLASS = {17B37 (16W30 81R50)},
  MRNUMBER = {MR1287162 (95e:17022)},
MRREVIEWER = {A. U. Klimyk},
}
@article {soltan,
    AUTHOR = {So{\l}tan, Piotr Miko{\l}aj},
     TITLE = {New quantum ``{$az+b$}'' groups},
   JOURNAL = {Rev. Math. Phys.},
  FJOURNAL = {Reviews in Mathematical Physics. A Journal for Both Review and
              Original Research Papers in the Field of Mathematical Physics},
    VOLUME = {17},
      YEAR = {2005},
    NUMBER = {3},
     PAGES = {313--364},
      ISSN = {0129-055X},
   MRCLASS = {46L65 (16W30 81R50)},
  MRNUMBER = {MR2144675 (2006g:46111)},
MRREVIEWER = {Shuzhou Wang},
}

@article {soltan:2,
    AUTHOR = {So{\l}tan, P. M. and Woronowicz, S. L.},
     TITLE = {A remark on manageable multiplicative unitaries},
   JOURNAL = {Lett. Math. Phys.},
  FJOURNAL = {Letters in Mathematical Physics. A Journal for the Rapid
              Dissemination of Short Contributions in the Field of
              Mathematical Physics},
    VOLUME = {57},
      YEAR = {2001},
    NUMBER = {3},
     PAGES = {239--252},
      ISSN = {0377-9017},
     CODEN = {LMPHDY},
   MRCLASS = {46L89 (46L65)},
  MRNUMBER = {MR1862455 (2002i:46072)},
MRREVIEWER = {Lyudmila Turowska},
}

@book {springer,
    AUTHOR = {Springer, T. A.},
     TITLE = {Linear algebraic groups},
    SERIES = {Progress in Mathematics},
    VOLUME = {9},
   EDITION = {Second},
 PUBLISHER = {Birkh\"auser Boston Inc.},
   ADDRESS = {Boston, MA},
      YEAR = {1998},
     PAGES = {xiv+334},
      ISBN = {0-8176-4021-5},
   MRCLASS = {20G15 (14L10)},
  MRNUMBER = {MR1642713 (99h:20075)},
MRREVIEWER = {Andy R. Magid},
}

@book {stratila,
    AUTHOR = {Str{\u{a}}til{\u{a}}, {\c{S}}erban},
     TITLE = {Modular theory in operator algebras},
      NOTE = {Translated from the Romanian by the author},
 PUBLISHER = {Editura Academiei Republicii Socialiste Rom\^ania, Bucharest},
      YEAR = {1981},
     PAGES = {492},
      ISBN = {0-85626-190-4},
   MRCLASS = {46Lxx},
  MRNUMBER = {MR696172 (85g:46072)},
MRREVIEWER = {Trond Digernes},
}

@book {sweedler,
    AUTHOR = {Sweedler, Moss E.},
     TITLE = {Hopf algebras},
    SERIES = {Mathematics Lecture Note Series},
 PUBLISHER = {W. A. Benjamin, Inc., New York},
      YEAR = 1969,
     PAGES = {vii+336},
   MRCLASS = {18.20 (16.00)},
  MRNUMBER = {MR0252485 (40 \#5705)},
MRREVIEWER = {K.-T. Chen},
}

@article {szymanski,
    AUTHOR = {Szyma{\'n}ski, Wojciech},
     TITLE = {Finite index subfactors and {H}opf algebra crossed products},
   JOURNAL = {Proc. Amer. Math. Soc.},
  FJOURNAL = {Proceedings of the American Mathematical Society},
    VOLUME = {120},
      YEAR = {1994},
    NUMBER = {2},
     PAGES = {519--528},
      ISSN = {0002-9939},
     CODEN = {PAMYAR},
   MRCLASS = {46L37 (16W30)},
  MRNUMBER = {MR1186139 (94d:46061)},
MRREVIEWER = {Claire Anantharaman-Delaroche},
}

@article{takai,
    AUTHOR = {Takai, Hiroshi},
     TITLE = {On a duality for crossed products of {$C\sp{\ast} $}-algebras},
   JOURNAL = {J. Funct. Anal.},
    VOLUME = {19},
      YEAR = {1975},
     PAGES = {25--39},
   MRCLASS = {46L05},
  MRNUMBER = {MR0365160 (51 \#1413)},
MRREVIEWER = {J. M. G. Fell},
}

@incollection {takesaki,
    AUTHOR = {Takesaki, Masamichi},
     TITLE = {Duality and von {N}eumann algebras},
 BOOKTITLE = {Lectures on operator algebras; Tulane Univ. Ring and Operator
              Theory Year, 1970--1971, Vol. II; (dedicated to the memory of
              David M. Topping)},
     PAGES = {665--786},
  SERIES={Lecture Notes in Mathematics},
 Volume = {247},
 PUBLISHER = {Springer},
   ADDRESS = {Berlin},
      YEAR = {1972},
   MRCLASS = {22D35 (46K10 46L10 22D10)},
  MRNUMBER = {MR0396844 (53 \#704)},
MRREVIEWER = {E. Thoma},
}

@book {takesaki:1,
    AUTHOR = {Takesaki, M.},
     TITLE = {Theory of operator algebras. {I}},
    SERIES = {Encyclopaedia of Mathematical Sciences},
    VOLUME = {124},
      NOTE = {Reprint of the first (1979) edition},
 PUBLISHER = {Springer-Verlag},
   ADDRESS = {Berlin},
      YEAR = {2002},
     PAGES = {xx+415},
      ISBN = {3-540-42248-X},
   MRCLASS = {46Lxx (46-01)},
  MRNUMBER = {MR1873025 (2002m:46083)},
}

@book {takesaki:2,
    AUTHOR = {Takesaki, M.},
     TITLE = {Theory of operator algebras. {II}},
    SERIES = {Encyclopaedia of Mathematical Sciences},
    VOLUME = {125},
 PUBLISHER = {Springer-Verlag},
   ADDRESS = {Berlin},
      YEAR = {2003},
     PAGES = {xxii+518},
      ISBN = {3-540-42914-X},
   MRCLASS = {46L10 (47L35 47L55)},
  MRNUMBER = {MR1943006 (2004g:46079)},
MRREVIEWER = {Robert S. Doran},
}

@article {takeuchi,
    AUTHOR = {Takeuchi, Mitsuhiro},
     TITLE = {Groups of algebras over {$A\otimes \overline A$}},
   JOURNAL = {J. Math. Soc. Japan},
    VOLUME = {29},
      YEAR = {1977},
    NUMBER = {3},
     PAGES = {459--492},
   MRCLASS = {16A24 (13D15 14L15 18G30)},
  MRNUMBER = {MR0506407 (58 \#22151)},
}

@book {tannaka,
    AUTHOR = {Tannaka, Tadao},
     TITLE = {S\^otai genri},
 PUBLISHER = {Iwanami Shoten},
   ADDRESS = {Tokyo},
      YEAR = {1951},
     PAGES = {v+128},
   MRCLASS = {20.0X},
  MRNUMBER = {MR0049905 (14,245b)},
MRREVIEWER = {K. Yosida},
}

@book {thomsen,
    AUTHOR = {Jensen, Kjeld Knudsen and Thomsen, Klaus},
     TITLE = {Elements of {$KK$}-theory},
    SERIES = {Mathematics: Theory \& Applications},
 PUBLISHER = {Birkh\"auser Boston Inc.},
   ADDRESS = {Boston, MA},
      YEAR = {1991},
     PAGES = {viii+202},
      ISBN = {0-8176-3496-7},
   MRCLASS = {19K35 (46L80)},
  MRNUMBER = {MR1124848 (94b:19008)},
MRREVIEWER = {Jeffrey Fox},
}

@PhdThesis{timmermann,
  author = 	 {Thomas Timmermann},
  title = 	 {Pseudo-multiplicative unitaries and pseudo-{K}ac systems on ${C}^*$-modules},
  school = 	 {Universit\"at M\"unster},
  year = 	 2005,
  note =	 {Available at {\texttt{www.math.uni-muenster.de/sfb/about/publ/heft394.ps}}}
}

@misc{timmermann:proper,
  author = 	 {Thomas Timmermann},
  title = 	 {Proper reduced {$C^*$}-quantum grouopoids},
  note =	 {in preparation}
}



@Article{timmermann:hopf,
  author = 	 {Timmermann, Thomas},
  title = 	 {Pseudo-multiplicative unitaries on {$C^*$}-modules and {H}opf {$C^*$}-families},
  year = 	 2007,
 journal =	 {J.  {N}oncomm. {G}eom.},
 volume = 1,
 pages = {497--542},
}

@book {tomita-takesaki,
    AUTHOR = {Takesaki, M.},
     TITLE = {Tomita's theory of modular {H}ilbert algebras and its
              applications},
    SERIES = {Lecture Notes in Mathematics},
     VOLUME=128,
 PUBLISHER = {Springer-Verlag},
   ADDRESS = {Berlin},
      YEAR = 1970,
     PAGES = {ii+123},
   MRCLASS = {46.65},
  MRNUMBER = {MR0270168 (42 \#5061)},
MRREVIEWER = {S. Sakai},
}

@article {tomiyama,
    AUTHOR = {Tomiyama, Jun},
     TITLE = {On the projection of norm one in {$W\sp{\ast} $}-algebras},
   JOURNAL = {Proc. Japan Acad.},
    VOLUME = {33},
      YEAR = {1957},
     PAGES = {608--612},
   MRCLASS = {46.00},
  MRNUMBER = {MR0096140 (20 \#2635)},
MRREVIEWER = {S. Sherman},
}

@Article{tu,
  author = 	 {Jean-Louis Tu},
  title = 	 {Non-Hausdorff groupoids, proper actions and {$K$}-theory},
  journal = 	 {Documenta Mathematica},
  year = 	 2004,
  key =		 9,
  pages =	 {565-597}
}

@article {vaes,
    AUTHOR = {Vaes, Stefaan and Vainerman, Leonid},
     TITLE = {Extensions of locally compact quantum groups and the bicrossed
              product construction},
   JOURNAL = {Adv. Math.},
  FJOURNAL = {Advances in Mathematics},
    VOLUME = {175},
      YEAR = {2003},
    NUMBER = {1},
     PAGES = {1--101},
      ISSN = {0001-8708},
     CODEN = {ADMTA4},
   MRCLASS = {46L55 (16S40 22D25)},
  MRNUMBER = {MR1970242 (2004i:46103)},
MRREVIEWER = {Nicol{\'a}s Andruskiewitsch},
}
        
@article{vaes:1,
    AUTHOR = {Kustermans, Johan and Vaes, Stefaan},
     TITLE = {Locally compact quantum groups},
   JOURNAL = {Ann. Sci. \'Ecole Norm. Sup. (4)},
  FJOURNAL = {Annales Scientifiques de l'\'Ecole Normale Sup\'erieure.
              Quatri\`eme S\'erie},
    VOLUME = {33},
      YEAR = {2000},
    NUMBER = {6},
     PAGES = {837--934},
      ISSN = {0012-9593},
     CODEN = {ASENAH},
   MRCLASS = {46L05 (22D99 43A99 46L89)},
  MRNUMBER = {MR1832993 (2002f:46108)},
MRREVIEWER = {Lyudmila Turowska},
}

@TechReport{vaes:10,
    title = {{Weight theory for C*-algebraic quantum groups}},
    author = {Johan Kustermans and Stefaan Vaes},
    year = 1999,
    institution = {KU Leuven \& University College Cork},
    Note = {Available at {\texttt{arxiv.org/math.oa/9901063}}}
}

@PhdThesis{vaes:11,
  author = 	 {Vaes, Stefaan},
  title = 	 {Locally compact quantum groups},
  school = 	 {KU Leuven},
  year = 	 2001,
Note = {Available at {\texttt{www.math.jussieu.fr/$\sim$vaes/PhD.html}}}
}
               
@article {vaes:2,
    AUTHOR = {Vaes, Stefaan and Van Daele, Alfons},
     TITLE = {Hopf {$C\sp *$}-algebras},
   JOURNAL = {Proc. London Math. Soc. (3)},
  FJOURNAL = {Proceedings of the London Mathematical Society. Third Series},
    VOLUME = {82},
      YEAR = {2001},
    NUMBER = {2},
     PAGES = {337--384},
      ISSN = {0024-6115},
     CODEN = {PLMTAL},
   MRCLASS = {46L65 (46L07 46L89)},
  MRNUMBER = {MR1806875 (2002f:46139)},
MRREVIEWER = {Byung-Jay Kahng},
}



@article {vaes:20,
    AUTHOR = {Vaes, Stefaan},
     TITLE = {The unitary implementation of a locally compact quantum group
              action},
   JOURNAL = {J. Funct. Anal.},
  FJOURNAL = {Journal of Functional Analysis},
    VOLUME = {180},
      YEAR = {2001},
    NUMBER = {2},
     PAGES = {426--480},
      ISSN = {0022-1236},
     CODEN = {JFUAAW},
   MRCLASS = {46L89 (16W30 46L37 81R50)},
  MRNUMBER = {MR1814995 (2002a:46100)},
MRREVIEWER = {Yasuyuki Kawahigashi},
}

@incollection {vaes:21,
    AUTHOR = {Vaes, Stefaan and Vainerman, Leonid},
     TITLE = {On low-dimensional locally compact quantum groups},
 BOOKTITLE = {Locally compact quantum groups and groupoids (Strasbourg,
              2002)},
    SERIES = {IRMA Lect. Math. Theor. Phys.},
    VOLUME = {2},
     PAGES = {127--187},
 PUBLISHER = {de Gruyter},
   ADDRESS = {Berlin},
      YEAR = {2003},
   MRCLASS = {17B37 (22D05)},
  MRNUMBER = {MR1976945 (2004f:17024)},
MRREVIEWER = {Vladimir V. Kisil},
}

@article {vaes:22,
    AUTHOR = {Vaes, Stefaan},
     TITLE = {Strictly outer actions of groups and quantum groups},
   JOURNAL = {J. Reine Angew. Math.},
  FJOURNAL = {Journal f\"ur die Reine und Angewandte Mathematik},
    VOLUME = {578},
      YEAR = {2005},
     PAGES = {147--184},
      ISSN = {0075-4102},
     CODEN = {JRMAA8},
   MRCLASS = {46L37 (22D25 46L54)},
  MRNUMBER = {MR2113893 (2005k:46167)},
MRREVIEWER = {Teodor Banica},
}

@article {vaes:23,
    AUTHOR = {Vaes, Stefaan},
     TITLE = {A new approach to induction and imprimitivity results},
   JOURNAL = {J. Funct. Anal.},
  FJOURNAL = {Journal of Functional Analysis},
    VOLUME = {229},
      YEAR = {2005},
    NUMBER = {2},
     PAGES = {317--374},
      ISSN = {0022-1236},
     CODEN = {JFUAAW},
   MRCLASS = {46L89 (22D30 46L08 46L55)},
  MRNUMBER = {MR2182592},
}

@article {vaes:30,
    AUTHOR = {Kustermans, Johan and Vaes, Stefaan},
     TITLE = {Locally compact quantum groups in the von {N}eumann algebraic
              setting},
   JOURNAL = {Math. Scand.},
  FJOURNAL = {Mathematica Scandinavica},
    VOLUME = {92},
      YEAR = {2003},
    NUMBER = {1},
     PAGES = {68--92},
      ISSN = {0025-5521},
     CODEN = {MTSCAN},
   MRCLASS = {46L05 (16W35 17B37 46L51)},
  MRNUMBER = {MR1951446 (2003k:46081)},
MRREVIEWER = {Lyudmila Turowska},
}

@incollection {vaes:examples-bicrossed,
    AUTHOR = {Vaes, Stefaan},
     TITLE = {Examples of locally compact quantum groups through the
              bicrossed product construction},
 BOOKTITLE = {XIIIth International Congress on Mathematical Physics (London,
              2000)},
     PAGES = {341--348},
 PUBLISHER = {Int. Press, Boston, MA},
      YEAR = {2001},
   MRCLASS = {46L65 (46L10 58B32)},
  MRNUMBER = {MR1883325 (2002m:46102)},
MRREVIEWER = {Partha Sarathi Chakraborty},
}

@incollection{vainer,
    AUTHOR = {Nikshych, Dmitri and Vainerman, Leonid},
     TITLE = {Finite quantum groupoids and their applications},
 BOOKTITLE = {New directions in Hopf algebras},
    SERIES = {Math. Sci. Res. Inst. Publ.},
    VOLUME = {43},
     PAGES = {211--262},
 PUBLISHER = {Cambridge University Press},
   ADDRESS = {Cambridge},
      YEAR = {2002},
   MRCLASS = {16W30 (16W35)},
  MRNUMBER = {MR1913440 (2004d:16071)},
}

@article {vainerman:bicrossed,
    AUTHOR = {Vainerman, Leonid},
     TITLE = {The bicrossed product construction for locally compact quantum
              groups},
   JOURNAL = {Bull. Kerala Math. Assoc.},
  FJOURNAL = {Bulletin of Kerala Mathematics Association},
      YEAR = 2005,
    NUMBER = {Special Issue},
     PAGES = {99--136 (2007)},
      ISSN = {0973-2721},
   MRCLASS = {46Lxx (17Bxx)},
  MRNUMBER = {MR2250038},
}


@article {vainerman:cocycles,
    AUTHOR = {Vainerman, Leonid},
     TITLE = {{$2$}-cocycles and twisting of {K}ac algebras},
   JOURNAL = {Comm. Math. Phys.},
  FJOURNAL = {Communications in Mathematical Physics},
    VOLUME = {191},
      YEAR = {1998},
    NUMBER = {3},
     PAGES = {697--721},
      ISSN = {0010-3616},
     CODEN = {CMPHAY},
   MRCLASS = {46L89 (22D25 22D35 46L05)},
  MRNUMBER = {MR1608523 (99b:46113)},
MRREVIEWER = {Robert S. Doran},
}

@article {vaksman,
    AUTHOR = {Vaksman, L. L. and Soibelman, Ya. S.},
     TITLE = {An algebra of functions on the quantum group {${\rm SU}(2)$}},
   JOURNAL = {Funktsional. Anal. i Prilozhen.},
  FJOURNAL = {Akademiya Nauk SSSR. Funktsional\cprime ny\u\i\ Analiz i ego
              Prilozheniya},
    VOLUME = 22,
      YEAR = 1988,
    NUMBER = 3,
     PAGES = {1--14, 96},
      ISSN = {0374-1990},
   MRCLASS = {17B35 (16A24 17C25 22E65 33A65 46L99 81D99)},
  MRNUMBER = {MR961757 (90f:17019)},
MRREVIEWER = {Horia Scutaru},
}

@book {valery,
    AUTHOR = {Gracia-Bond{\'{\i}}a, Jos{\'e} M. and V{\'a}rilly, Joseph C.
              and Figueroa, H{\'e}ctor},
     TITLE = {Elements of noncommutative geometry},
    SERIES = {Birkh\"auser Advanced Texts: Basler Lehrb\"ucher},
 PUBLISHER = {Birkh\"auser Boston Inc.},
   ADDRESS = {Boston, MA},
      YEAR = 2001,
     PAGES = {xviii+685},
      ISBN = {0-8176-4124-6},
   MRCLASS = {58J42 (46L87 58B34 81R60 81T75)},
  MRNUMBER = {MR1789831 (2001h:58038)},
MRREVIEWER = {Alan L. Carey},
}

@article {vallin:1,
    AUTHOR = {Vallin, Jean-Michel},
     TITLE = {Bimodules de {H}opf et poids op\'eratoriels de {H}aar},
   JOURNAL = {J. Operator Theory},
  FJOURNAL = {Journal of Operator Theory},
    VOLUME = {35},
      YEAR = {1996},
    NUMBER = {1},
     PAGES = {39--65},
      ISSN = {0379-4024},
   MRCLASS = {46L10 (16W30 22A22)},
  MRNUMBER = {97f:46095},
MRREVIEWER = {Beatriz Abadie},
}


@article {vallin:pmu,
    AUTHOR = {Vallin, Jean-Michel},
     TITLE = {Unitaire pseudo-multiplicatif associ\'e \`a un groupo\"\i de.
              {A}pplications \`a la moyennabilit\'e},
   JOURNAL = {J. Operator Theory},
  FJOURNAL = {Journal of Operator Theory},
    VOLUME = 44,
      YEAR = 2000,
    NUMBER = 2,
     PAGES = {347--368},
      ISSN = {0379-4024},
   MRCLASS = {22A22 (43A07 46L10)},
  MRNUMBER = {2002c:22004},
MRREVIEWER = {Jean-Paul Pier},
}

@book {varadarajan,
    AUTHOR = {Varadarajan, V. S.},
     TITLE = {Lie groups, {L}ie algebras, and their representations},
    SERIES = {Graduate Texts in Mathematics},
    VOLUME = {102},
      NOTE = {Reprint of the 1974 edition},
 PUBLISHER = {Springer-Verlag},
   ADDRESS = {New York},
      YEAR = {1984},
     PAGES = {xiii+430},
      ISBN = {0-387-90969-9},
   MRCLASS = {22-01 (17-01)},
  MRNUMBER = {MR746308 (85e:22001)},
}

@PhdThesis{vergnioux,
  author = 	 {Vergnioux, Roland},
  title = 	 {{KK}-th\'eorie \'equivariante et op\'erateur de {J}ulg-{V}alette pour les groupes quantiques.}, 
  school = 	 {Universite Paris VII},
  year = 	 2002,
 Note = {Available at {\texttt{www.math.jussieu.fr/theses/2002/vergnioux}}}
}

@book {vilenkin,
    AUTHOR = {Vilenkin, N. Ja. and Klimyk, A. U.},
     TITLE = {Representation of {L}ie groups and special functions. {V}ol.
              3},
    SERIES = {Mathematics and its Applications (Soviet Series)},
    VOLUME = {75},
      NOTE = {Translated from the Russian by V. A. Groza and A. A. Groza},
 PUBLISHER = {Kluwer Academic Publishers Group},
   ADDRESS = {Dordrecht},
      YEAR = {1992},
     PAGES = {xx+634},
      ISBN = {0-7923-1493-X},
   MRCLASS = {33D80 (17B37 22E60 33-02 33C80)},
  MRNUMBER = {MR1206906 (96f:33043)},
MRREVIEWER = {P. D. F. Ion},
}

@book {voiculescu,
    AUTHOR = {Voiculescu, D. V. and Dykema, K. J. and Nica, A.},
     TITLE = {Free random variables},
    SERIES = {CRM Monograph Series},
    VOLUME = {1},
 PUBLISHER = {American Mathematical Society},
   ADDRESS = {Providence, RI},
      YEAR = {1992},
     PAGES = {vi+70},
      ISBN = {0-8218-6999-X},
   MRCLASS = {46L50 (46L10 47B80 60H99)},
  MRNUMBER = {MR1217253 (94c:46133)},
MRREVIEWER = {Roland Speicher},
}



@article {wang:deform,
    AUTHOR = {Wang, Shuzhou},
     TITLE = {Deformations of compact quantum groups via {R}ieffel's
              quantization},
   JOURNAL = {Comm. Math. Phys.},
  FJOURNAL = {Communications in Mathematical Physics},
    VOLUME = {178},
      YEAR = {1996},
    NUMBER = {3},
     PAGES = {747--764},
      ISSN = {0010-3616},
     CODEN = {CMPHAY},
   MRCLASS = {46L87 (16W30 22C05 58F06 81R50)},
  MRNUMBER = {MR1395213 (97h:46116)},
MRREVIEWER = {Nicol{\'a}s Andruskiewitsch},
}

@article {wang:free,
    AUTHOR = {Wang, Shuzhou},
     TITLE = {Free products of compact quantum groups},
   JOURNAL = {Comm. Math. Phys.},
  FJOURNAL = {Communications in Mathematical Physics},
    VOLUME = {167},
      YEAR = {1995},
    NUMBER = {3},
     PAGES = {671--692},
      ISSN = {0010-3616},
     CODEN = {CMPHAY},
   MRCLASS = {46L37 (16W30 46L05 81R50)},
  MRNUMBER = {MR1316765 (95k:46104)},
MRREVIEWER = {Shigeru Yamagami},
}

@article {wang:permutation,
    AUTHOR = {Wang, Shuzhou},
     TITLE = {Quantum symmetry groups of finite spaces},
   JOURNAL = {Comm. Math. Phys.},
  FJOURNAL = {Communications in Mathematical Physics},
    VOLUME = {195},
      YEAR = {1998},
    NUMBER = {1},
     PAGES = {195--211},
      ISSN = {0010-3616},
     CODEN = {CMPHAY},
   MRCLASS = {58B30 (16W30 46L99)},
  MRNUMBER = {MR1637425 (99h:58014)},
MRREVIEWER = {Aldo J. Lazar},
}

@article {wang:tensor,
    AUTHOR = {Wang, Shuzhou},
     TITLE = {Tensor products and crossed products of compact quantum
              groups},
   JOURNAL = {Proc. London Math. Soc. (3)},
  FJOURNAL = {Proceedings of the London Mathematical Society. Third Series},
    VOLUME = {71},
      YEAR = {1995},
    NUMBER = {3},
     PAGES = {695--720},
      ISSN = {0024-6115},
     CODEN = {PLMTAL},
   MRCLASS = {46L05 (16W30 46L60 81R50)},
  MRNUMBER = {MR1347410 (96i:46074)},
MRREVIEWER = {Aldo J. Lazar},
}

@PHDTHESIS{wang:thesis,
   author = {{Wang}, Shuzhou},
    title = {General constructions of compact quantum groups},
   school = {University of California, Berkeley},
     year = 1993,
}

@article {wang:universal,
    AUTHOR = {Van Daele, Alfons and Wang, Shuzhou},
     TITLE = {Universal quantum groups},
   JOURNAL = {Internat. J. Math.},
  FJOURNAL = {International Journal of Mathematics},
    VOLUME = {7},
      YEAR = {1996},
    NUMBER = {2},
     PAGES = {255--263},
      ISSN = {0129-167X},
   MRCLASS = {46L87 (16W30 22D25 58B30 81R50)},
  MRNUMBER = {MR1382726 (97d:46090)},
MRREVIEWER = {Andrzej Sitarz},
}

@article {watatani,
    AUTHOR = {Watatani, Yasuo},
     TITLE = {Index for {$C\sp *$}-subalgebras},
   JOURNAL = {Mem. Amer. Math. Soc.},
  FJOURNAL = {Memoirs of the American Mathematical Society},
    VOLUME = 83,
      YEAR = 1990,
    NUMBER = 424,
     PAGES = {vi+117},
      ISSN = {0065-9266},
     CODEN = {MAMCAU},
   MRCLASS = {46L05 (19K14 46L40 46L80 46M20)},
  MRNUMBER = {MR996807 (90i:46104)},
MRREVIEWER = {Masatoshi Enomoto},
}

@book {weil,
    AUTHOR = {Weil, Andr{\'e}},
     TITLE = {L'int\`egration dans les groupes topologiques et ses
              applications},
    SERIES = {Actual. Sci. Ind., no. 869},
      NOTE = {[This book has been republished by the author at Princeton, N.
              J., 1941.]},
 PUBLISHER = {Hermann et Cie., Paris},
      YEAR = {1940},
     PAGES = {158},
   MRCLASS = {20.0X},
  MRNUMBER = {MR0005741 (3,198b)},
MRREVIEWER = {S. Kakutani},
}

@book {wichmann,
    AUTHOR = {Doran, Robert S. and Wichmann, Josef},
     TITLE = {Approximate identities and factorization in {B}anach modules},
    SERIES = {Lecture Notes in Mathematics},
    VOLUME = {768},
 PUBLISHER = {Springer-Verlag},
   ADDRESS = {Berlin},
      YEAR = {1979},
     PAGES = {x+305},
      ISBN = {3-540-09725-2},
   MRCLASS = {46H25 (43A20)},
  MRNUMBER = {MR555240 (83e:46044)},
MRREVIEWER = {T. W. Palmer},
}
               

@book {williams:crossed,
    AUTHOR = {Williams, Dana P.},
     TITLE = {Crossed products of {$C{\sp \ast}$}-algebras},
    SERIES = {Mathematical Surveys and Monographs},
    VOLUME = {134},
 PUBLISHER = {American Mathematical Society},
   ADDRESS = {Providence, RI},
      YEAR = {2007},
     PAGES = {xvi+528},
      ISBN = {978-0-8218-4242-3; 0-8218-4242-0},
   MRCLASS = {46L55 (46L05)},
  MRNUMBER = {MR2288954},
}

@article {woron,
    AUTHOR = {Woronowicz, S. L.},
     TITLE = {From multiplicative unitaries to quantum groups},
   JOURNAL = {Internat. J. Math.},
  FJOURNAL = {International Journal of Mathematics},
    VOLUME = {7},
      YEAR = {1996},
    NUMBER = {1},
     PAGES = {127--149},
      ISSN = {0129-167X},
   MRCLASS = {46L89 (16W30 81R50)},
  MRNUMBER = {MR1369908 (96k:46136)},
MRREVIEWER = {Aldo J. Lazar},
}

@article{woron:0,
    AUTHOR = {Woronowicz, S. L.},
     TITLE = {Twisted {${\rm SU}(2)$} group. {A}n example of a
              noncommutative differential calculus},
   JOURNAL = {Publ. Res. Inst. Math. Sci.},
  FJOURNAL = {Kyoto University. Research Institute for Mathematical
              Sciences. Publications},
    VOLUME = 23,
      YEAR = 1987,
    NUMBER = 1,
     PAGES = {117--181},
      ISSN = {0034-5318},
     CODEN = {KRMPBV},
   MRCLASS = {46L99 (22D25 22E45 46L80 58H05)},
  MRNUMBER = {MR890482 (88h:46130)},
MRREVIEWER = {Marc Rosso},
}

       @article {baaj:double-crossed,
    AUTHOR = {Baaj, Saad and Vaes, Stefaan},
     TITLE = {Double crossed products of locally compact quantum groups},
   JOURNAL = {J. Inst. Math. Jussieu},
  FJOURNAL = {Journal of the Institute of Mathematics of Jussieu. JIMJ.
              Journal de l'Institute de Math\'ematiques de Jussieu},
    VOLUME = {4},
      YEAR = {2005},
    NUMBER = {1},
     PAGES = {135--173},
      ISSN = {1474-7480},
   MRCLASS = {46L89 (46L65)},
  MRNUMBER = {MR2115071 (2006h:46071)},
MRREVIEWER = {Teodor Banica},
}


       @article {yamanouchi:double,
    AUTHOR = {Yamanouchi, Takehiko},
     TITLE = {Double group construction of quantum groups in the von
              {N}eumann algebra framework},
   JOURNAL = {J. Math. Soc. Japan},
  FJOURNAL = {Journal of the Mathematical Society of Japan},
    VOLUME = {52},
      YEAR = {2000},
    NUMBER = {4},
     PAGES = {807--834},
      ISSN = {0025-5645},
     CODEN = {NISUBC},
   MRCLASS = {46L65 (22D25 46L10 81R50)},
  MRNUMBER = {MR1774630 (2002h:46116)},
MRREVIEWER = {Stefaan Vaes},
}

@article {woron:1,
    AUTHOR = {Woronowicz, S. L.},
     TITLE = {Compact matrix pseudogroups},
   JOURNAL = {Comm. Math. Phys.},
  FJOURNAL = {Communications in Mathematical Physics},
    VOLUME = {111},
      YEAR = {1987},
    NUMBER = {4},
     PAGES = {613--665},
      ISSN = {0010-3616},
     CODEN = {CMPHAY},
   MRCLASS = {46L99 (22E65 58H05)},
  MRNUMBER = {MR901157 (88m:46079)},
MRREVIEWER = {Pierre de la Harpe},
}

@article {woron:axb,
    AUTHOR = {Pusz, W. and Woronowicz, S. L.},
     TITLE = {A new quantum deformation of `{$ax+b$}' group},
   JOURNAL = {Comm. Math. Phys.},
  FJOURNAL = {Communications in Mathematical Physics},
    VOLUME = {259},
      YEAR = {2005},
    NUMBER = {2},
     PAGES = {325--362},
      ISSN = {0010-3616},
     CODEN = {CMPHAY},
   MRCLASS = {46L65 (16W35 81R50)},
  MRNUMBER = {MR2172685 (2006k:46116)},
MRREVIEWER = {Stefaan Vaes},
}


@article {woron:complex-plane,
    AUTHOR = {Woronowicz, S. L.},
     TITLE = {Quantum ``{$az+b$}'' group on complex plane},
   JOURNAL = {Internat. J. Math.},
  FJOURNAL = {International Journal of Mathematics},
    VOLUME = {12},
      YEAR = {2001},
    NUMBER = {4},
     PAGES = {461--503},
      ISSN = {0129-167X},
   MRCLASS = {46L65 (33E99 58B32 81R50)},
  MRNUMBER = {MR1841400 (2002g:46120)},
MRREVIEWER = {Stefaan Vaes},
}

@article {woron:e2-dual,
    AUTHOR = {Woronowicz, S. L.},
     TITLE = {Quantum {$E(2)$} group and its {P}ontryagin dual},
   JOURNAL = {Lett. Math. Phys.},
  FJOURNAL = {Letters in Mathematical Physics. A Journal for the Rapid
              Dissemination of Short Contributions in the Field of
              Mathematical Physics},
    VOLUME = {23},
      YEAR = {1991},
    NUMBER = {4},
     PAGES = {251--263},
      ISSN = {0377-9017},
     CODEN = {LMPHDY},
   MRCLASS = {17B37 (46N50 47N50 81R50)},
  MRNUMBER = {MR1152695 (93b:17058)},
MRREVIEWER = {L. L. Vaksman},
}
               

@article {woron:exponential,
    AUTHOR = {Woronowicz, S. L.},
     TITLE = {Quantum exponential function},
   JOURNAL = {Rev. Math. Phys.},
  FJOURNAL = {Reviews in Mathematical Physics. A Journal for Both Review and
              Original Research Papers in the Field of Mathematical Physics},
    VOLUME = {12},
      YEAR = {2000},
    NUMBER = {6},
     PAGES = {873--920},
      ISSN = {0129-055X},
   MRCLASS = {47B25 (39B42 47N50 81R50)},
  MRNUMBER = {MR1770545 (2001g:47039)},
MRREVIEWER = {Rinat M. Kashaev},
}
                
@inproceedings{woron:haar,
	Author = {Woronowicz, S. L.},
         Title = {Haar weights on some quantum groups},
	Booktitle = {Group 24: Physical and mathematical aspects of symmetries, Proceedings of the 24th International Colloquium on Group Theoretical Methods in Physics Paris, 15 - 20 July 2002},
         Year = {2002},
	Volume = {173},
	Series = {Conference Series},
	Pages = {\ 763 - 772},
	Publisher = {Institute of Physics Publishing}
}

@article {woron:krein,
    AUTHOR = {Woronowicz, S. L.},
     TITLE = {Tannaka-{K}re\u\i n duality for compact matrix pseudogroups.
              {T}wisted {${\rm SU}(N)$} groups},
   JOURNAL = {Invent. Math.},
  FJOURNAL = {Inventiones Mathematicae},
    VOLUME = {93},
      YEAR = {1988},
    NUMBER = {1},
     PAGES = {35--76},
      ISSN = {0020-9910},
     CODEN = {INVMBH},
   MRCLASS = {22E65 (18D10 22D35 46L55 58B25 58H05)},
  MRNUMBER = {MR943923 (90e:22033)},
MRREVIEWER = {Vaughan Jones},
}

@incollection {woronowicz,
    AUTHOR = {Woronowicz, S. L.},
     TITLE = {Compact quantum groups},
 BOOKTITLE = {Sym\'etries quantiques (Les Houches, 1995)},
     PAGES = {845--884},
 PUBLISHER = {North-Holland},
   ADDRESS = {Amsterdam},
      YEAR = {1998},
   MRCLASS = {46L89 (81R50)},
  MRNUMBER = {MR1616348 (99m:46164)},
MRREVIEWER = {Aldo J. Lazar},
}

@article {woronowicz:20,
    AUTHOR = {Woronowicz, S. L.},
     TITLE = {On the purification of factor states},
   JOURNAL = {Comm. Math. Phys.},
  FJOURNAL = {Communications in Mathematical Physics},
    VOLUME = {28},
      YEAR = {1972},
     PAGES = {221--235},
      ISSN = {0010-3616},
   MRCLASS = {46L05},
  MRNUMBER = {MR0310657 (46 \#9755)},
MRREVIEWER = {E. Stormer},
}

@article {woronowicz:contraction,
    AUTHOR = {Woronowicz, S. L.},
     TITLE = {Quantum {${\rm SU}(2)$} and {$E(2)$} groups. {C}ontraction
              procedure},
   JOURNAL = {Comm. Math. Phys.},
  FJOURNAL = {Communications in Mathematical Physics},
    VOLUME = {149},
      YEAR = {1992},
    NUMBER = {3},
     PAGES = {637--652},
      ISSN = {0010-3616},
     CODEN = {CMPHAY},
   MRCLASS = {58B30 (46L60 46L89)},
  MRNUMBER = {MR1186047 (93k:58015)},
MRREVIEWER = {Albert Jeu-Liang Sheu},
}


@article {woronowicz:e2-operator-equalities,
    AUTHOR = {Woronowicz, S. L.},
     TITLE = {Operator equalities related to the quantum {$E(2)$} group},
   JOURNAL = {Comm. Math. Phys.},
  FJOURNAL = {Communications in Mathematical Physics},
    VOLUME = {144},
      YEAR = {1992},
    NUMBER = {2},
     PAGES = {417--428},
      ISSN = {0010-3616},
     CODEN = {CMPHAY},
   MRCLASS = {46L89 (46L60 47A60 47B15 58B30 81R50)},
  MRNUMBER = {MR1152380 (93d:46124)},
MRREVIEWER = {Alain Valette},
}

@article {woronowicz:generate,
    AUTHOR = {Woronowicz, S. L.},
     TITLE = {{$C\sp *$}-algebras generated by unbounded elements},
   JOURNAL = {Rev. Math. Phys.},
  FJOURNAL = {Reviews in Mathematical Physics. A Journal for Both Review and
              Original Research Papers in the Field of Mathematical Physics},
    VOLUME = {7},
      YEAR = {1995},
    NUMBER = {3},
     PAGES = {481--521},
      ISSN = {0129-055X},
   MRCLASS = {46L05 (17B37 46L60 47D40 47N50 81R50)},
  MRNUMBER = {MR1326143 (96c:46056)},
MRREVIEWER = {Arne Schirrmacher},
}

@article {woronowicz:operator-theory,
    AUTHOR = {Woronowicz, S. L. and Napi{\'o}rkowski, K.},
     TITLE = {Operator theory in the {$C\sp \ast$}-algebra framework},
   JOURNAL = {Rep. Math. Phys.},
  FJOURNAL = {Reports on Mathematical Physics},
    VOLUME = {31},
      YEAR = {1992},
    NUMBER = {3},
     PAGES = {353--371},
      ISSN = {0034-4877},
     CODEN = {RMHPBE},
   MRCLASS = {46L05 (46L55 47D40)},
  MRNUMBER = {MR1232646 (94k:46123)},
MRREVIEWER = {Steve Wright},
}

@article {woronowicz:unbounded,
    AUTHOR = {Woronowicz, S. L.},
     TITLE = {Unbounded elements affiliated with {$C\sp *$}-algebras and
              noncompact quantum groups},
   JOURNAL = {Comm. Math. Phys.},
  FJOURNAL = {Communications in Mathematical Physics},
    VOLUME = {136},
      YEAR = {1991},
    NUMBER = {2},
     PAGES = {399--432},
      ISSN = {0010-3616},
     CODEN = {CMPHAY},
   MRCLASS = {46L89 (46L05 47D40 58B30)},
  MRNUMBER = {MR1096123 (92b:46117)},
MRREVIEWER = {Palle E. T. Jorgensen},
}
     

@incollection {yamagami,
    AUTHOR = {Yamagami, Shigeru},
     TITLE = {On primitive ideal spaces of {$C\sp *$}-algebras over certain
              locally compact groupoids},
 BOOKTITLE = {Mappings of operator algebras (Philadelphia, PA, 1988)},
    SERIES = {Progr. Math.},
    VOLUME = {84},
     PAGES = {199--204},
 PUBLISHER = {Birkh\"auser Boston},
   ADDRESS = {Boston, MA},
      YEAR = {1990},
   MRCLASS = {46L05 (22D35 46L55)},
  MRNUMBER = {MR1103378 (92j:46110)},
MRREVIEWER = {Jean N. Renault},
}
        

@article {yamanouchi,
    AUTHOR = {Yamanouchi, Takehiko},
     TITLE = {Duality for actions and coactions of measured groupoids on von
              {N}eumann algebras},
   JOURNAL = {Mem. Amer. Math. Soc.},
  FJOURNAL = {Memoirs of the American Mathematical Society},
    VOLUME = {101},
      YEAR = {1993},
    NUMBER = {484},
     PAGES = {vi+109},
      ISSN = {0065-9266},
     CODEN = {MAMCAU},
   MRCLASS = {46L55 (22D25 22D35 46L10)},
  MRNUMBER = {94b:46095},
MRREVIEWER = {A. I. Danilenko},
}

@article {yamanouchi:bicrossed,
    AUTHOR = {Yamanouchi, Takehiko},
     TITLE = {Bicrossproduct {K}ac algebras, bicrossproduct groups and von
              {N}eumann algebras of {T}akesaki's type},
   JOURNAL = {Math. Scand.},
  FJOURNAL = {Mathematica Scandinavica},
    VOLUME = {71},
      YEAR = {1992},
    NUMBER = {2},
     PAGES = {252--260},
      ISSN = {0025-5521},
     CODEN = {MTSCAN},
   MRCLASS = {46L99 (22D35 46L10 46L55)},
  MRNUMBER = {MR1212708 (94f:46097)},
MRREVIEWER = {Claire Anantharaman-Delaroche},
}

@article {zakrzewski,
    AUTHOR = {Woronowicz, S. L. and Zakrzewski, S.},
     TITLE = {Quantum `{$ax+b$}' group},
   JOURNAL = {Rev. Math. Phys.},
  FJOURNAL = {Reviews in Mathematical Physics. A Journal for Both Review and
              Original Research Papers in the Field of Mathematical Physics},
    VOLUME = {14},
      YEAR = {2002},
    NUMBER = {7-8},
     PAGES = {797--828},
      ISSN = {0129-055X},
   MRCLASS = {46L89 (46L65)},
  MRNUMBER = {MR1932667 (2003h:46106)},
MRREVIEWER = {Stefaan Vaes},
}

@article {jones:index,
    AUTHOR = {Jones, V. F. R.},
     TITLE = {Index for subfactors},
   JOURNAL = {Invent. Math.},
  FJOURNAL = {Inventiones Mathematicae},
    VOLUME = {72},
      YEAR = {1983},
    NUMBER = {1},
     PAGES = {1--25},
      ISSN = {0020-9910},
     CODEN = {INVMBH},
   MRCLASS = {46L35 (10D07)},
  MRNUMBER = {MR696688 (84d:46097)},
MRREVIEWER = {Yasuo Watatani},
}

@Unpublished{timmermann:cpmu-hopf,
  author = 	 {Thomas Timmermann},
  title = 	 {{$C^*$}-pseudo-multiplicative unitaries, {H}opf {$C^*$}-bimodules, and their Fourier algebras},
  year = 	 2010,
  month = 	 {September},
  note = 	 {to appear in J. Inst. Math. Jussieu}
}
@TechReport{timmermann:fdcpmu,
  author = 	 {Thomas Timmermann},
  title = 	 {Finite-dimensional {H}opf {$C^*$}-bimodules and {$C^*$}-pseudo-multiplicative unitaries}, 
  institution =  {SFB 478, WW-University Muenster},
  year = 	 2007,
  month = 	 {November},
  note = 	 {arXiv:0711.1420}}

@TechReport{timmermann:ckac,
  author = 	 {Thomas Timmermann},
  title = 	 {{$C^*$}-pseudo-{K}ac systems and  and duality for coactions of concrete {H}opf {$C^*$}-bimodules},
  institution =  {SFB 478, WW-University Muenster},
  year = 	 2007,
  number = 	 484,
  month = 	 {October},
  note = 	 {arXiv:0709.4617}}



@Article{timmermann:fiber,
  author = 	 {Timmermann, Thomas},
  title = 	 {The relative tensor product and a minimal fiber product in the setting of {$C^*$}-algebras},
  journal = 	 {J. Operator Theory},
  year = 	 2012,
  volume = 	 68,
  number = 	 2,
  pages = 	 {101--140}}

@Unpublished{timmermann:measured,
  author = 	 {Thomas Timmermann},
  title = 	 {Measured quantum groupoids associated to proper
dynamical quantum groups},
  note = 	 {arXiv:1206.6744}}

@article {hahn,
    AUTHOR = {Hahn, Peter},
     TITLE = {Haar measure for measure groupoids},
   JOURNAL = {Trans. Amer. Math. Soc.},
  FJOURNAL = {Transactions of the American Mathematical Society},
    VOLUME = {242},
      YEAR = {1978},
     PAGES = {1--33},
      ISSN = {0002-9947},
     CODEN = {TAMTAM},
   MRCLASS = {28C10 (22D40)},
  MRNUMBER = {MR496796 (82a:28012)},
MRREVIEWER = {L. Corwin},
}
                

@article {MR1257303,
    AUTHOR = {Yamanouchi, Takehiko},
     TITLE = {Duality for generalized {K}ac algebras and a characterization
              of finite groupoid algebras},
   JOURNAL = {J. Algebra},
  FJOURNAL = {Journal of Algebra},
    VOLUME = {163},
      YEAR = {1994},
    NUMBER = {1},
     PAGES = {9--50},
      ISSN = {0021-8693},
     CODEN = {JALGA4},
   MRCLASS = {22D35 (20N02 22D25 46L10)},
  MRNUMBER = {MR1257303 (95c:22010)},
MRREVIEWER = {Robert S. Doran},
}
                
@incollection {boehm:weak0,
    AUTHOR = {B{\"o}hm, Gabriella and Szlach{\'a}nyi, Korn{\'e}l},
     TITLE = {Weak {$C\sp \ast$}-{H}opf algebras: the coassociative symmetry
              of non-integral dimensions},
 BOOKTITLE = {Quantum groups and quantum spaces (Warsaw, 1995)},
    SERIES = {Banach Center Publ.},
    VOLUME = {40},
     PAGES = {9--19},
 PUBLISHER = {Polish Acad. Sci.},
   ADDRESS = {Warsaw},
      YEAR = {1997},
   MRCLASS = {16W30 (22D25 46L99 81R50)},
  MRNUMBER = {MR1481730 (99b:16056)},
MRREVIEWER = {Yvette Kosmann-Schwarzbach},
}

@incollection {nikshych:algversions,
    AUTHOR = {Nikshych, Dmitri and Vainerman, Leonid},
     TITLE = {Algebraic versions of a finite-dimensional quantum groupoid},
 BOOKTITLE = {Hopf algebras and quantum groups (Brussels, 1998)},
    SERIES = {Lecture Notes in Pure and Appl. Math.},
    VOLUME = {209},
     PAGES = {189--220},
 PUBLISHER = {Dekker},
   ADDRESS = {New York},
      YEAR = {2000},
   MRCLASS = {46L99 (16W30 46L05 46L65)},
  MRNUMBER = {MR1763613 (2002g:46125)},
MRREVIEWER = {Birant Ramazan},
}
            
@article {boehm:mpi,
    AUTHOR = {B{\`o}hm, Gabriella and Szlach{\'o}nyi, Korn{\'{\i}}l},
     TITLE = {A coassociative {$C\sp *$}-quantum group with nonintegral
              dimensions},
   JOURNAL = {Lett. Math. Phys.},
  FJOURNAL = {Letters in Mathematical Physics. A Journal for the Rapid
              Dissemination of Short Contributions in the Field of
              Mathematical Physics},
    VOLUME = {38},
      YEAR = {1996},
    NUMBER = {4},
     PAGES = {437--456},
      ISSN = {0377-9017},
     CODEN = {LMPHDY},
   MRCLASS = {46L89 (16W30 17B37 46L60 81R50 81T05)},
  MRNUMBER = {MR1421688 (97k:46080)},
MRREVIEWER = {Albert Jeu-Liang Sheu},
}

@book {leinster,
    AUTHOR = {Leinster, Tom},
     TITLE = {Higher operads, higher categories},
    SERIES = {London Mathematical Society Lecture Note Series},
    VOLUME = 298,
 PUBLISHER = {Cambridge University Press},
   ADDRESS = {Cambridge},
      YEAR = 2004,
     PAGES = {xiv+433},
      ISBN = {0-521-53215-9},
   MRCLASS = {18D50 (55P48)},
  MRNUMBER = {MR2094071 (2005h:18030)},
MRREVIEWER = {R. H. Street},
}

@article {paschke,
    AUTHOR = {Paschke, William L.},
     TITLE = {Inner product modules over {$B\sp{\ast} $}-algebras},
   JOURNAL = {Trans. Amer. Math. Soc.},
  FJOURNAL = {Transactions of the American Mathematical Society},
    VOLUME = {182},
      YEAR = {1973},
     PAGES = {443--468},
      ISSN = {0002-9947},
   MRCLASS = {46K05 (46H25)},
  MRNUMBER = {MR0355613 (50 \#8087)},
MRREVIEWER = {H. Halpern},
}

@article {skeide,
    AUTHOR = {Skeide, Michael},
     TITLE = {von {N}eumann modules, intertwiners and self-duality},
   JOURNAL = {J. Operator Theory},
  FJOURNAL = {Journal of Operator Theory},
    VOLUME = {54},
      YEAR = {2005},
    NUMBER = {1},
     PAGES = {119--124},
      ISSN = {0379-4024},
   MRCLASS = {46L08 (46H25 46L10)},
  MRNUMBER = {MR2168862 (2006f:46054)},
MRREVIEWER = {Maria M. Joi{\c{t}}a},
}
                
@article {brouwer,
    AUTHOR = {Brouwer, R. M.},
     TITLE = {A bicategorical approach to {M}orita equivalence for von
              {N}eumann algebras},
   JOURNAL = {J. Math. Phys.},
  FJOURNAL = {Journal of Mathematical Physics},
    VOLUME = {44},
      YEAR = {2003},
    NUMBER = {5},
     PAGES = {2206--2214},
      ISSN = {0022-2488},
     CODEN = {JMAPAQ},
   MRCLASS = {46L10 (16D20 18D05 46M15 46N50)},
  MRNUMBER = {MR1972774 (2004b:46085)},
MRREVIEWER = {Michael Frank},
keywords={vN-algebras, Hilbert modules, morita},
URL={/u/timmermt/Literatur/Sources/A bicategorical approach to Morita equivalence for von Neumann algebras.pdf}
}

@TechReport{timmermann:compact,
  author = 	 {Timmermann, Thomas},
  title = 	 {Compact {$C^*$}-quantum groupoids},
  institution =  {SFB 478, WW-University Muenster},
  year = 	 2008,
  month = 	 {October}}


@TechReport{timmermann:comparison,
  author = 	 {Timmermann, Thomas},
  title = 	 {From {H}opf {$C^*$}-families to concrete {H}opf
                  {$C^*$}-bimodules},
  institution =  {SFB 478, WW-University Muenster},
  year = 	 2007,
  month = 	 {December}}



@InProceedings{timmermann:leiden,
  author = 	 {Timmermann, Thomas},
  title = 	 {A definition of compact {$C^*$}-quantum groupoids},
  booktitle =	 {Operator {S}tructures and {D}ynamical {S}ystems, Leiden 2007},
  series =	 {Contemporary Mathematics},
  publisher =	 {American Mathematical Society, Providence, RI}
}

@book {manuilov,
    AUTHOR = {Manuilov, V. M. and Troitsky, E. V.},
     TITLE = {Hilbert {$C\sp *$}-modules},
    SERIES = {Translations of Mathematical Monographs},
    VOLUME = {226},
      NOTE = {Translated from the 2001 Russian original by the authors},
 PUBLISHER = {American Mathematical Society},
   ADDRESS = {Providence, RI},
      YEAR = {2005},
     PAGES = {viii+202},
      ISBN = {0-8218-3810-5},
   MRCLASS = {46L08 (46L05)},
  MRNUMBER = {MR2125398 (2005m:46099)},
MRREVIEWER = {Masaharu Kusuda},
}

 
@article {hayashi,
    AUTHOR = {Hayashi, Tomohiro and Yamagami, Shigeru},
     TITLE = {Amenable tensor categories and their realizations as {AFD}
              bimodules},
   JOURNAL = {J. Funct. Anal.},
  FJOURNAL = {Journal of Functional Analysis},
    VOLUME = {172},
      YEAR = {2000},
    NUMBER = {1},
     PAGES = {19--75},
      ISSN = {0022-1236},
     CODEN = {JFUAAW},
   MRCLASS = {46L37 (46M05 46M15)},
  MRNUMBER = {MR1749868 (2001d:46092)},
}
                
 
@article {doplicher,
    AUTHOR = {Doplicher, Sergio and Roberts, John E.},
     TITLE = {A new duality theory for compact groups},
   JOURNAL = {Invent. Math.},
  FJOURNAL = {Inventiones Mathematicae},
    VOLUME = {98},
      YEAR = {1989},
    NUMBER = {1},
     PAGES = {157--218},
      ISSN = {0020-9910},
     CODEN = {INVMBH},
   MRCLASS = {22D25 (22D35 46L60 81E05)},
  MRNUMBER = {MR1010160 (90k:22005)},
MRREVIEWER = {G. A. Reid},
}
                
@article {vasselli,
    AUTHOR = {Vasselli, Ezio},
     TITLE = {Bundles of {$C\sp \ast$}-categories},
   JOURNAL = {J. Funct. Anal.},
  FJOURNAL = {Journal of Functional Analysis},
    VOLUME = {247},
      YEAR = {2007},
    NUMBER = {2},
     PAGES = {351--377},
      ISSN = {0022-1236},
     CODEN = {JFUAAW},
   MRCLASS = {46L99 (18B99 46H99 46M15)},
  MRNUMBER = {MR2323439 (2008f:46089)},
MRREVIEWER = {Paul D. Mitchener},
}
         

@book {timmermann:buch,
    AUTHOR = {Timmermann, Thomas},
     TITLE = {An invitation to quantum groups and duality},
    SERIES = {EMS Textbooks in Mathematics},
 PUBLISHER = {European Mathematical Society (EMS), Z\"urich},
      YEAR = 2008,
     PAGES = {xx+407},
      ISBN = {978-3-03719-043-2},
   MRCLASS = {46L05 (16W35 46L65 58B32)},
  MRNUMBER = {MR2397671 (2009f:46079)},
MRREVIEWER = {Stefaan Vaes},
}


@article {boehm:1,
    AUTHOR = {B{\"o}hm, Gabriella and Nill, Florian and Szlach{\'a}nyi,
              Korn{\'e}l},
     TITLE = {Weak {H}opf algebras. {I}. {I}ntegral theory and {$C\sp
              *$}-structure},
   JOURNAL = {J. Algebra},
  FJOURNAL = {Journal of Algebra},
    VOLUME = {221},
      YEAR = {1999},
    NUMBER = {2},
     PAGES = {385--438},
      ISSN = {0021-8693},
     CODEN = {JALGA4},
   MRCLASS = {16W30 (46L60)},
  MRNUMBER = {MR1726707 (2001a:16059)},
MRREVIEWER = {Byung-Jay Kahng},
}

                @article {boehm:2,
    AUTHOR = {B{\"o}hm, Gabriella and Szlach{\'a}nyi, Korn{\'e}l},
     TITLE = {Weak {H}opf algebras. {II}. {R}epresentation theory,
              dimensions, and the {M}arkov trace},
   JOURNAL = {J. Algebra},
  FJOURNAL = {Journal of Algebra},
    VOLUME = {233},
      YEAR = {2000},
    NUMBER = {1},
     PAGES = {156--212},
      ISSN = {0021-8693},
     CODEN = {JALGA4},
   MRCLASS = {16W30},
  MRNUMBER = {MR1793595 (2001m:16059)},
MRREVIEWER = {Byung-Jay Kahng},
}
@incollection {kornel:galois,
    AUTHOR = {Szlach{\'a}nyi, Korn{\'e}l},
     TITLE = {Galois actions by finite quantum groupoids},
 BOOKTITLE = {Locally compact quantum groups and groupoids ({S}trasbourg,
              2002)},
    SERIES = {IRMA Lect. Math. Theor. Phys.},
    VOLUME = {2},
     PAGES = {105--125},
 PUBLISHER = {de Gruyter},
   ADDRESS = {Berlin},
      YEAR = {2003},
   MRCLASS = {16W35},
  MRNUMBER = {MR1976944 (2004c:16074)},
MRREVIEWER = {David Hernandez},
}
@incollection {kornel:weak,
    AUTHOR = {Szlach{\'a}nyi, Korn{\'e}l},
     TITLE = {Weak {H}opf algebras},
 BOOKTITLE = {Operator algebras and quantum field theory ({R}ome, 1996)},
     PAGES = {621--632},
 PUBLISHER = {Int. Press, Cambridge, MA},
      YEAR = {1997},
   MRCLASS = {46L05 (16W30 81R50)},
  MRNUMBER = {MR1491146 (99a:46105)},
MRREVIEWER = {Tomasz Brzezi{\'n}ski},
}
@article {boehm:3,
    AUTHOR = {B{\"o}hm, Gabriella and Szlach{\'a}nyi, Korn{\'e}l},
     TITLE = {Weak {$C\sp *$}-{H}opf algebras and multiplicative isometries},
   JOURNAL = {J. Operator Theory},
  FJOURNAL = {Journal of Operator Theory},
    VOLUME = {45},
      YEAR = {2001},
    NUMBER = {2},
     PAGES = {357--376},
      ISSN = {0379-4024},
   MRCLASS = {46L89 (16W30 46L05 46M15)},
  MRNUMBER = {MR1841100 (2002c:46135)},
MRREVIEWER = {Dmitri A. Nikshych},
}
                @incollection {nikshych,
    AUTHOR = {Nikshych, Dmitri},
     TITLE = {A duality theorem for quantum groupoids},
 BOOKTITLE = {New trends in {H}opf algebra theory ({L}a {F}alda, 1999)},
    SERIES = {Contemp. Math.},
    VOLUME = {267},
     PAGES = {237--243},
 PUBLISHER = {Amer. Math. Soc.},
   ADDRESS = {Providence, RI},
      YEAR = {2000},
   MRCLASS = {16W30 (20L05)},
  MRNUMBER = {MR1800715 (2002c:16052)},
MRREVIEWER = {Alexei P. Isaev},
}

@article {lesieur,
    AUTHOR = {Lesieur, Franck},
     TITLE = {Measured quantum groupoids},
   JOURNAL = {M\'em. Soc. Math. Fr. (N.S.)},
  FJOURNAL = {M\'emoires de la Soci\'et\'e Math\'ematique de France.
              Nouvelle S\'erie},
    NUMBER = {109},
      YEAR = {2007},
     PAGES = {iv+158 pp. (2008)},
      ISSN = {0249-633X},
      ISBN = {978-2-85629-233-4},
   MRCLASS = {46Lxx (58Bxx)},
  MRNUMBER = {MR2474165},
}
                
@book {anantharaman,
    AUTHOR = {Anantharaman-Delaroche, C. and Renault, J.},
     TITLE = {Amenable groupoids},
    SERIES = {Monographies de L'Enseignement Math\'ematique [Monographs of
              L'Enseignement Math\'ematique]},
    VOLUME = {36},
      NOTE = {With a foreword by Georges Skandalis and Appendix B by E.
              Germain},
 PUBLISHER = {L'Enseignement Math\'ematique},
   ADDRESS = {Geneva},
      YEAR = {2000},
     PAGES = {196},
      ISBN = {2-940264-01-5},
   MRCLASS = {22A22 (22D25 43A07 46L05 46L10 46L80)},
  MRNUMBER = {MR1799683 (2001m:22005)},
MRREVIEWER = {Robert S. Doran},
}

@article {paterson:fourier,
    AUTHOR = {Paterson, Alan L. T.},
     TITLE = {The {F}ourier algebra for locally compact groupoids},
   JOURNAL = {Canad. J. Math.},
  FJOURNAL = {Canadian Journal of Mathematics. Journal Canadien de
              Math\'ematiques},
    VOLUME = {56},
      YEAR = {2004},
    NUMBER = {6},
     PAGES = {1259--1289},
      ISSN = {0008-414X},
     CODEN = {CJMAAB},
   MRCLASS = {43A32 (46J99)},
  MRNUMBER = {MR2102633 (2005j:43006)},
MRREVIEWER = {Humberto E. Prado},
}

@article {williams:fell,
    AUTHOR = {Renault, Jean},
     TITLE = {The {F}ourier algebra of a measured groupoid and its
              multipliers},
   JOURNAL = {J. Funct. Anal.},
  FJOURNAL = {Journal of Functional Analysis},
    VOLUME = {145},
      YEAR = {1997},
    NUMBER = {2},
     PAGES = {455--490},
      ISSN = {0022-1236},
     CODEN = {JFUAAW},
   MRCLASS = {43A15 (22A22 43A22 43A35 46L99)},
  MRNUMBER = {MR1444088 (99a:43004)},
MRREVIEWER = {Fran{\c{c}}oise Lust-Piquard},
}
@article {MR2446021,
    AUTHOR = {Muhly, Paul S. and Williams, Dana P.},
     TITLE = {Equivalence and disintegration theorems for {F}ell bundles and
              their {$C\sp *$}-algebras},
   JOURNAL = {Dissertationes Math. (Rozprawy Mat.)},
  FJOURNAL = {Dissertationes Mathematicae (Rozprawy Matematyczne)},
    VOLUME = {456},
      YEAR = {2008},
     PAGES = {1--57},
      ISSN = {0012-3862},
     CODEN = {DSMAAH},
   MRCLASS = {46L05 (46L55)},
  MRNUMBER = {MR2446021},
}

@article {enock:action,
    AUTHOR = {Enock, Michel},
     TITLE = {Measured quantum groupoids in action},
   JOURNAL = {M\'em. Soc. Math. Fr. (N.S.)},
  FJOURNAL = {M\'emoires de la Soci\'et\'e Math\'ematique de France.
              Nouvelle S\'erie},
    NUMBER = {114},
      YEAR = {2008},
     PAGES = {ii+150 pp. (2009)},
      ISSN = {0249-633X},
      ISBN = {978-2-85629-265-5},
   MRCLASS = {58B32 (46L37 46L65 46L89)},
  MRNUMBER = {2541012 (2010i:58007)},
MRREVIEWER = {Claire Anantharaman-Delaroche},
}



@article {vallin:actions-finite,
    AUTHOR = {Vallin, Jean-Michel},
     TITLE = {Actions and coactions of finite quantum groupoids on von
              {N}eumann algebras, extensions of the matched pair procedure},
   JOURNAL = {J. Algebra},
  FJOURNAL = {Journal of Algebra},
    VOLUME = {314},
      YEAR = {2007},
    NUMBER = {2},
     PAGES = {789--816},
      ISSN = {0021-8693},
     CODEN = {JALGA4},
   MRCLASS = {46L37 (46L55 46L89)},
  MRNUMBER = {MR2344585 (2008i:46056)},
MRREVIEWER = {Stefaan Vaes},
}

@article {bohm:actions,
    AUTHOR = {B{\"o}hm, Gabriella},
     TITLE = {Galois theory for {H}opf algebroids},
   JOURNAL = {Ann. Univ. Ferrara Sez. VII (N.S.)},
  FJOURNAL = {Annali dell'Universit\`a di Ferrara. Nuova Serie. Sezione VII.
              Scienze Matematiche},
    VOLUME = {51},
      YEAR = {2005},
     PAGES = {233--262},
     CODEN = {AUFMAX},
   MRCLASS = {16W30},
  MRNUMBER = {MR2294769 (2008a:16055)},
MRREVIEWER = {Stefaan Caenepeel},
}
  
          @article {kadison:actions,
    AUTHOR = {Kadison, Lars},
     TITLE = {Hopf algebroids and {$H$}-separable extensions},
   JOURNAL = {Proc. Amer. Math. Soc.},
  FJOURNAL = {Proceedings of the American Mathematical Society},
    VOLUME = {131},
      YEAR = {2003},
    NUMBER = {10},
     PAGES = {2993--3002 (electronic)},
      ISSN = {0002-9939},
     CODEN = {PAMYAR},
   MRCLASS = {16W30 (46L37)},
  MRNUMBER = {MR1993204 (2004f:16068)},
MRREVIEWER = {Dmitri A. Nikshych},
}

@article {koelink:su2,
    AUTHOR = {Koelink, Erik and Rosengren, Hjalmar},
     TITLE = {Harmonic analysis on the {${\rm SU}(2)$} dynamical quantum
              group},
   JOURNAL = {Acta Appl. Math.},
  FJOURNAL = {Acta Applicandae Mathematicae. An International Survey Journal
              on Applying Mathematics and Mathematical Applications},
    VOLUME = {69},
      YEAR = {2001},
    NUMBER = {2},
     PAGES = {163--220},
      ISSN = {0167-8019},
     CODEN = {AAMADV},
   MRCLASS = {43A65 (20G42 33D45 33D80)},
  MRNUMBER = {MR1872106 (2003a:43008)},
MRREVIEWER = {Jia-Chen Ye},
       DOI = {10.1023/A:1013071729320},
       URL = {http://dx.doi.org/10.1023/A:1013071729320},
}
@incollection {boehm:hopf,
    AUTHOR = {B{\"o}hm, Gabriella},
     TITLE = {Hopf algebroids},
 BOOKTITLE = {Handbook of algebra. {V}ol. 6},
    SERIES = {Handb. Algebr.},
    VOLUME = {6},
     PAGES = {173--235},
 PUBLISHER = {Elsevier/North-Holland, Amsterdam},
      YEAR = {2009},
   MRCLASS = {16T05 (16T10)},
  MRNUMBER = {2553659 (2011e:16068)},
MRREVIEWER = {Stefaan Caenepeel},
       DOI = {10.1016/S1570-7954(08)00205-2},
       URL = {http://dx.doi.org/10.1016/S1570-7954(08)00205-2},
}
	
@article {boehm:integrals,
    AUTHOR = {B{\"o}hm, Gabriella},
     TITLE = {Integral theory for {H}opf algebroids},
   JOURNAL = {Algebr. Represent. Theory},
  FJOURNAL = {Algebras and Representation Theory},
    VOLUME = 8,
      YEAR = 2005,
    NUMBER = 4,
     PAGES = {563--599},
      ISSN = {1386-923X},
     CODEN = {ARTHF4},
   MRCLASS = {16W30},
  MRNUMBER = {MR2199210 (2006m:16048)},
MRREVIEWER = {Tomasz Brzezi{\'n}ski},
       DOI = {10.1007/s10468-005-8760-0},
       URL = {http://dx.doi.org/10.1007/s10468-005-8760-0},
}
		@article {kustermans:regular,
    AUTHOR = {Kustermans, Johan},
     TITLE = {Regular {$C\sp *$}-valued weights},
   JOURNAL = {J. Operator Theory},
  FJOURNAL = {Journal of Operator Theory},
    VOLUME = {44},
      YEAR = {2000},
    NUMBER = {1},
     PAGES = {151--205},
      ISSN = {0379-4024},
   MRCLASS = {46L05 (46L08 47L30)},
  MRNUMBER = {MR1774698 (2001g:46126)},
MRREVIEWER = {Vladimir Manuilov},
}


@MISC{kustermans:weights,
  author = {Johan Kustermans and Stefaan Vaes},
  title = {Weight theory for C*-algebraic quantum groups},
  url = {http://www.citebase.org/abstract?id=oai:arXiv.org:math/9901063},
  year = {1999},
file={/home/timmermt/Literatur/Sources/Weight theory for C-algebraic quantum groups.pdf},
keywords = {weights,
quantum groups},
}

   

@article {kustermans:analytic-2,
    AUTHOR = {Kustermans, Johan},
     TITLE = {The analytic structure of algebraic quantum groups},
   JOURNAL = {J. Algebra},
  FJOURNAL = {Journal of Algebra},
    VOLUME = {259},
      YEAR = {2003},
    NUMBER = {2},
     PAGES = {415--450},
      ISSN = {0021-8693},
     CODEN = {JALGA4},
   MRCLASS = {16W30 (16W35 20G42 22D35 46L89)},
  MRNUMBER = {MR1955527 (2003k:16054)},
MRREVIEWER = {Julien Bichon},
       DOI = {10.1016/S0021-8693(02)00570-7},
       URL = {http://dx.doi.org/10.1016/S0021-8693(02)00570-7},
}
		



@article {kustermans:analytic-1,
    AUTHOR = {Kustermans, J. and Van Daele, A.},
     TITLE = {{$C^*$}-algebraic quantum groups arising from algebraic
              quantum groups},
   JOURNAL = {Internat. J. Math.},
  FJOURNAL = {International Journal of Mathematics},
    VOLUME = {8},
      YEAR = {1997},
    NUMBER = {8},
     PAGES = {1067--1139},
      ISSN = {0129-167X},
   MRCLASS = {46L89 (16W30 17B37 46L05)},
  MRNUMBER = {MR1484867 (99a:46130)},
MRREVIEWER = {Tomasz Brzezi{\'n}ski},
       DOI = {10.1142/S0129167X97000500},
       URL = {http://dx.doi.org/10.1142/S0129167X97000500},
}
		

@incollection {bohm:algebroids,
    AUTHOR = {B{\"o}hm, Gabriella},
     TITLE = {Hopf algebroids},
 BOOKTITLE = {Handbook of algebra. {V}ol. 6},
    SERIES = {Handb. Algebr.},
    VOLUME = {6},
     PAGES = {173--235},
 PUBLISHER = {Elsevier/North-Holland, Amsterdam},
      YEAR = {2009},
   MRCLASS = {16T05},
  MRNUMBER = {MR2553659},
       DOI = {10.1016/S1570-7954(08)00205-2},
       URL = {http://dx.doi.org/10.1016/S1570-7954(08)00205-2},
}

@Unpublished{timmermann:coactions,
  author = 	 {Thomas Timmermann},
  title = 	 {Coactions of {H}opf {$C^*$}-bimodules},
  note = 	 {accepted by J. Operator Theory in March 2010, arXiv:0911.0539},
 pages= 44  
}


@Article{timmermann:cpmu,
  author = 	 {Thomas Timmermann},
  title = 	 {{$C^*$}-pseudo-multiplicative unitaries, {H}opf {$C^*$}-bimodules and their {F}ourier algebras},
  journal = 	 {J. Inst. Math. Jussieu},
  year = 	 2011,
  key = 	 01,
  volume = 	 11,
  pages = 	 {189-229}
}

@Unpublished{timmermann:fell,
  author = 	 {Thomas Timmermann},
  title = 	 {The {F}ell compactification and  non-{H}ausdorff groupoids},
  note = 	 {accepted by Math. Zeitschrift in April 2010, arXiv:0911.2590},
 pages= 7 
}

@article {rosengren:duality,
    AUTHOR = {Rosengren, Hjalmar},
     TITLE = {Duality and self-duality for dynamical quantum groups},
   JOURNAL = {Algebr. Represent. Theory},
  FJOURNAL = {Algebras and Representation Theory},
    VOLUME = {7},
      YEAR = {2004},
    NUMBER = {4},
     PAGES = {363--393},
      ISSN = {1386-923X},
     CODEN = {ARTHF4},
   MRCLASS = {17B37 (17B80 33D80 81R50)},
  MRNUMBER = {MR2096667 (2005g:17037)},
MRREVIEWER = {David Hernandez},
       DOI = {10.1023/B:ALGE.0000042118.49950.ca},
       URL = {http://dx.doi.org/10.1023/B:ALGE.0000042118.49950.ca},
}

@book {murphy,
    AUTHOR = {Murphy, Gerard J.},
     TITLE = {{$C^*$}-algebras and operator theory},
 PUBLISHER = {Academic Press Inc.},
   ADDRESS = {Boston, MA},
      YEAR = 1990,
     PAGES = {x+286},
      ISBN = {0-12-511360-9},
   MRCLASS = {46Lxx (46-01)},
  MRNUMBER = {MR1074574 (91m:46084)},
MRREVIEWER = {E. Gerlach},
}



@article {daele,
    AUTHOR = {Van Daele, Alfons},
     TITLE = {An algebraic framework for group duality},
   JOURNAL = {Adv. Math.},
  FJOURNAL = {Advances in Mathematics},
    VOLUME = {140},
      YEAR = {1998},
    NUMBER = {2},
     PAGES = {323--366},
      ISSN = {0001-8708},
     CODEN = {ADMTA4},
   MRCLASS = {16W35},
  MRNUMBER = {MR1658585 (2000g:16045)},
}



@article {etingof:qdybe,
    AUTHOR = {Etingof, Pavel and Varchenko, Alexander},
     TITLE = {Solutions of the quantum dynamical {Y}ang-{B}axter equation
              and dynamical quantum groups},
   JOURNAL = {Comm. Math. Phys.},
  FJOURNAL = {Communications in Mathematical Physics},
    VOLUME = {196},
      YEAR = {1998},
    NUMBER = {3},
     PAGES = {591--640},
      ISSN = {0010-3616},
     CODEN = {CMPHAY},
   MRCLASS = {17B37 (17B80 17B81 81R50 82B23)},
  MRNUMBER = {1645196 (2001b:17024)},
       DOI = {10.1007/s002200050437},
       URL = {http://dx.doi.org/10.1007/s002200050437},
}

@article {etingof:exchange,
    AUTHOR = {Etingof, P. and Varchenko, A.},
     TITLE = {Exchange dynamical quantum groups},
   JOURNAL = {Comm. Math. Phys.},
  FJOURNAL = {Communications in Mathematical Physics},
    VOLUME = {205},
      YEAR = {1999},
    NUMBER = {1},
     PAGES = {19--52},
      ISSN = {0010-3616},
     CODEN = {CMPHAY},
   MRCLASS = {17B37 (81R12 82B23)},
  MRNUMBER = {1706916 (2001g:17025)},
MRREVIEWER = {Ian M. Musson},
       DOI = {10.1007/s002200050665},
       URL = {http://dx.doi.org/10.1007/s002200050665},
}
@book {etingof:book,
    AUTHOR = {Etingof, Pavel and Latour, Fr{\'e}d{\'e}ric},
     TITLE = {The dynamical {Y}ang-{B}axter equation, representation theory,
              and quantum integrable systems},
    SERIES = {Oxford Lecture Series in Mathematics and its Applications},
    VOLUME = {29},
 PUBLISHER = {Oxford University Press},
   ADDRESS = {Oxford},
      YEAR = {2005},
     PAGES = {xii+138},
      ISBN = {978-0-19-853068-8; 0-19-853068-4},
   MRCLASS = {81R12 (17B37 17B80 33C52 33D52 37J35 82B23)},
  MRNUMBER = {2142557 (2006k:81166)},
MRREVIEWER = {Olivier G. Schiffmann},
}
@article {karaali:generalizations,
    AUTHOR = {Karaali, Gizem},
     TITLE = {On {H}opf algebras and their generalizations},
   JOURNAL = {Comm. Algebra},
  FJOURNAL = {Communications in Algebra},
    VOLUME = {36},
      YEAR = {2008},
    NUMBER = {12},
     PAGES = {4341--4367},
      ISSN = {0092-7872},
     CODEN = {COALDM},
   MRCLASS = {16T05 (81R50)},
  MRNUMBER = {2473333 (2010g:16057)},
MRREVIEWER = {Mat{\'{\i}}as A. Gra{\~n}a},
       DOI = {10.1080/00927870802182424},
       URL = {http://dx.doi.org/10.1080/00927870802182424},
}

@MISC{vallin:matched-groupoids,
  author = {Jean-Michel Vallin},
  title = {Measured Quantum Groupoids Associated with Matched Pairs of Locally   Compact Groupoids},
  url = {http://citebase.org/abstract?id=oai:arXiv.org:0906.5247},
  year = {2009}
}
@incollection {szlachanyi:tannaka,
    AUTHOR = {Szlachanyi, Kornel},
     TITLE = {Adjointable monoidal functors and quantum groupoids},
 BOOKTITLE = {Hopf algebras in noncommutative geometry and physics},
    SERIES = {Lecture Notes in Pure and Appl. Math.},
    VOLUME = {239},
     PAGES = {291--307},
 PUBLISHER = {Dekker},
   ADDRESS = {New York},
      YEAR = {2005},
   MRCLASS = {16W30 (18D10)},
  MRNUMBER = {2106937 (2005m:16052)},
MRREVIEWER = {Julien Bichon},
}

@article {phung:tannaka,
    AUTHOR = {Ph{\`u}ng H{\^o} Hai},
     TITLE = {Tannaka-{K}rein duality for {H}opf algebroids},
   JOURNAL = {Israel J. Math.},
  FJOURNAL = {Israel Journal of Mathematics},
    VOLUME = {167},
      YEAR = {2008},
     PAGES = {193--225},
      ISSN = {0021-2172},
     CODEN = {ISJMAP},
   MRCLASS = {16W30 (16D90 18D10)},
  MRNUMBER = {2448024 (2009g:16059)},
MRREVIEWER = {Gabriella B{\"o}hm},
       DOI = {10.1007/s11856-008-1047-5},
       URL = {http://dx.doi.org/10.1007/s11856-008-1047-5},
}

@incollection {szlachanyi:inclusions,
    AUTHOR = {Szlach{\'a}nyi, Korn{\'e}l},
     TITLE = {Finite quantum groupoids and inclusions of finite type},
 BOOKTITLE = {Mathematical physics in mathematics and physics ({S}iena,
              2000)},
    SERIES = {Fields Inst. Commun.},
    VOLUME = {30},
     PAGES = {393--407},
 PUBLISHER = {Amer. Math. Soc.},
   ADDRESS = {Providence, RI},
      YEAR = {2001},
   MRCLASS = {18D10 (16W30 46L89 81R15)},
  MRNUMBER = {1867570 (2002j:18007)},
MRREVIEWER = {Dmitri A. Nikshych},
}

@article {nikshych:inclusions,
    AUTHOR = {Nikshych, Dmitri and Vainerman, Leonid},
     TITLE = {A characterization of depth 2 subfactors of {${\rm II}_1$}
              factors},
   JOURNAL = {J. Funct. Anal.},
  FJOURNAL = {Journal of Functional Analysis},
    VOLUME = {171},
      YEAR = {2000},
    NUMBER = {2},
     PAGES = {278--307},
      ISSN = {0022-1236},
     CODEN = {JFUAAW},
   MRCLASS = {46L37 (46L10 46L35)},
  MRNUMBER = {1745634 (2000m:46129)},
MRREVIEWER = {Robert S. Doran},
       DOI = {10.1006/jfan.1999.3522},
       URL = {http://dx.doi.org/10.1006/jfan.1999.3522},
}

@article {enock-nest:inclusions,
    AUTHOR = {Enock, Michel and Nest, Ryszard},
     TITLE = {Irreducible inclusions of factors, multiplicative unitaries,
              and {K}ac algebras},
   JOURNAL = {J. Funct. Anal.},
  FJOURNAL = {Journal of Functional Analysis},
    VOLUME = {137},
      YEAR = {1996},
    NUMBER = {2},
     PAGES = {466--543},
      ISSN = {0022-1236},
     CODEN = {JFUAAW},
   MRCLASS = {46L37 (46K99 46L10 46L55)},
  MRNUMBER = {1387518 (97f:46098)},
MRREVIEWER = {Alexander Isaakovich Shtern},
       DOI = {10.1006/jfan.1996.0053},
       URL = {http://dx.doi.org/10.1006/jfan.1996.0053},
}
		
@article {szymanski:inclusions,
    AUTHOR = {Szyma{\'n}ski, Wojciech},
     TITLE = {Finite index subfactors and {H}opf algebra crossed products},
   JOURNAL = {Proc. Amer. Math. Soc.},
  FJOURNAL = {Proceedings of the American Mathematical Society},
    VOLUME = {120},
      YEAR = {1994},
    NUMBER = {2},
     PAGES = {519--528},
      ISSN = {0002-9939},
     CODEN = {PAMYAR},
   MRCLASS = {46L37 (16W30)},
  MRNUMBER = {1186139 (94d:46061)},
MRREVIEWER = {Claire Anantharaman-Delaroche},
       DOI = {10.2307/2159890},
       URL = {http://dx.doi.org/10.2307/2159890},
}
@article {kadison:inclusions,
    AUTHOR = {Kadison, Lars and Szlach{\'a}nyi, Korn{\'e}l},
     TITLE = {Bialgebroid actions on depth two extensions and duality},
   JOURNAL = {Adv. Math.},
  FJOURNAL = {Advances in Mathematics},
    VOLUME = {179},
      YEAR = {2003},
    NUMBER = {1},
     PAGES = {75--121},
      ISSN = {0001-8708},
     CODEN = {ADMTA4},
   MRCLASS = {16W30 (46L37)},
  MRNUMBER = {2004729 (2004i:16055)},
MRREVIEWER = {Vijay Kodiyalam},
       DOI = {10.1016/S0001-8708(02)00028-2},
       URL = {http://dx.doi.org/10.1016/S0001-8708(02)00028-2},
}
@incollection {schauenburg:comparison,
    AUTHOR = {Schauenburg, Peter},
     TITLE = {Weak {H}opf algebras and quantum groupoids},
 BOOKTITLE = {Noncommutative geometry and quantum groups ({W}arsaw, 2001)},
    SERIES = {Banach Center Publ.},
    VOLUME = {61},
     PAGES = {171--188},
 PUBLISHER = {Polish Acad. Sci.},
   ADDRESS = {Warsaw},
      YEAR = {2003},
   MRCLASS = {16W30},
  MRNUMBER = {2024429 (2004j:16042)},
MRREVIEWER = {Dmitri A. Nikshych},
       DOI = {10.4064/bc61-0-12},
       URL = {http://dx.doi.org/10.4064/bc61-0-12},
}
	
@article {daele:actions,
    AUTHOR = {Drabant, Bernhard and Van Daele, Alfons and Zhang, Yinhuo},
     TITLE = {Actions of multiplier {H}opf algebras},
   JOURNAL = {Comm. Algebra},
  FJOURNAL = {Communications in Algebra},
    VOLUME = {27},
      YEAR = {1999},
    NUMBER = {9},
     PAGES = {4117--4172},
      ISSN = {0092-7872},
     CODEN = {COALDM},
   MRCLASS = {16W30 (17B37)},
  MRNUMBER = {1705859 (2001d:16056)},
       DOI = {10.1080/00927879908826688},
       URL = {http://dx.doi.org/10.1080/00927879908826688},
}

@article {daele:tools,
    AUTHOR = {Van Daele, A.},
     TITLE = {Tools for working with multiplier {H}opf algebras},
   JOURNAL = {Arab. J. Sci. Eng. Sect. C Theme Issues},
  FJOURNAL = {The Arabian Journal for Science and Engineering. Section C.
              Theme Issues},
    VOLUME = {33},
      YEAR = {2008},
    NUMBER = {2},
     PAGES = {505--527},
      ISSN = {1319-8025},
   MRCLASS = {16T05},
  MRNUMBER = {2500055},
}

@book {gasper,
    AUTHOR = {Gasper, George and Rahman, Mizan},
     TITLE = {Basic hypergeometric series},
    SERIES = {Encyclopedia of Mathematics and its Applications},
    VOLUME = {96},
   EDITION = {Second},
      NOTE = {With a foreword by Richard Askey},
 PUBLISHER = {Cambridge University Press},
   ADDRESS = {Cambridge},
      YEAR = {2004},
     PAGES = {xxvi+428},
      ISBN = {0-521-83357-4},
   MRCLASS = {33Dxx (05A30 05E35 33-01 33-02)},
  MRNUMBER = {2128719 (2006d:33028)},
MRREVIEWER = {Shaun Cooper},
       DOI = {10.1017/CBO9780511526251},
       URL = {http://dx.doi.org/10.1017/CBO9780511526251},
}

@incollection {kadison:pseudo-hopf,
    AUTHOR = {Kadison, Lars},
     TITLE = {Pseudo-{G}alois extensions and {H}opf algebroids},
 BOOKTITLE = {Modules and comodules},
    SERIES = {Trends Math.},
     PAGES = {247--264},
 PUBLISHER = {Birkh\"auser Verlag},
   ADDRESS = {Basel},
      YEAR = {2008},
   MRCLASS = {16W20 (16T05)},
  MRNUMBER = {2742632 (2012c:16122)},
MRREVIEWER = {George Szeto},
       DOI = {10.1007/978-3-7643-8742-6_16},
       URL = {http://dx.doi.org/10.1007/978-3-7643-8742-6_16},
}
		

@article {wang:classify,
    AUTHOR = {Wang, Shuzhou},
     TITLE = {Structure and isomorphism classification of compact quantum
              groups {$A\sb u(Q)$} and {$B\sb u(Q)$}},
   JOURNAL = {J. Operator Theory},
  FJOURNAL = {Journal of Operator Theory},
    VOLUME = {48},
      YEAR = {2002},
    NUMBER = {3, suppl.},
     PAGES = {573--583},
      ISSN = {0379-4024},
   MRCLASS = {46L09 (16W35 46L35)},
  MRNUMBER = {MR1962472 (2004b:46083)},
MRREVIEWER = {Andrzej Sitarz},
}
@incollection {day:quantum-cat,
    AUTHOR = {Day, Brian and Street, Ross},
     TITLE = {Quantum categories, star autonomy, and quantum groupoids},
 BOOKTITLE = {Galois theory, {H}opf algebras, and semiabelian categories},
    SERIES = {Fields Inst. Commun.},
    VOLUME = {43},
     PAGES = {187--225},
 PUBLISHER = {Amer. Math. Soc.},
   ADDRESS = {Providence, RI},
      YEAR = {2004},
   MRCLASS = {18D10 (20L05)},
  MRNUMBER = {2075586 (2005f:18006)},
MRREVIEWER = {Olga Kravchenko},
}

@article {takeuchi:groups-algebras,
    AUTHOR = {Takeuchi, Mitsuhiro},
     TITLE = {Groups of algebras over {$A\otimes \overline A$}},
   JOURNAL = {J. Math. Soc. Japan},
  FJOURNAL = {Journal of the Mathematical Society of Japan},
    VOLUME = {29},
      YEAR = {1977},
    NUMBER = {3},
     PAGES = {459--492},
      ISSN = {0025-5645},
   MRCLASS = {16A24 (13D15 14L15 18G30)},
  MRNUMBER = {0506407 (58 \#22151)},
}



    Home
    Preferences
    Help
    Support Mail
    Terms of Use
    Universitat Munster Mobile Access

@article {boehm:extensions,
    AUTHOR = {B{\"o}hm, Gabriella and Szlach{\'a}nyi, Korn{\'e}l},
     TITLE = {Hopf algebroid symmetry of abstract {F}robenius extensions of
              depth 2},
   JOURNAL = {Comm. Algebra},
  FJOURNAL = {Communications in Algebra},
    VOLUME = {32},
      YEAR = {2004},
    NUMBER = {11},
     PAGES = {4433--4464},
      ISSN = {0092-7872},
     CODEN = {COALDM},
   MRCLASS = {16W30 (18D05)},
  MRNUMBER = {2102458 (2005h:16060)},
MRREVIEWER = {R. H. Street},
       DOI = {10.1081/AGB-200034171},
       URL = {http://dx.doi.org/10.1081/AGB-200034171},
}
		
@article {donin,
    AUTHOR = {Donin, J. and Mudrov, A.},
     TITLE = {Quantum groupoids and dynamical categories},
   JOURNAL = {J. Algebra},
  FJOURNAL = {Journal of Algebra},
    VOLUME = {296},
      YEAR = {2006},
    NUMBER = {2},
     PAGES = {348--384},
      ISSN = {0021-8693},
     CODEN = {JALGA4},
   MRCLASS = {17B37 (16W35 58B32 81R50)},
  MRNUMBER = {2201046 (2007b:17022)},
MRREVIEWER = {Miodrag C. Iovanov},
       DOI = {10.1016/j.jalgebra.2006.01.001},
       URL = {http://dx.doi.org/10.1016/j.jalgebra.2006.01.001},
}
		

@article {kadison:extensions,
    AUTHOR = {Kadison, Lars},
     TITLE = {Skew {H}opf algebras, irreducible extensions and the
              {$\Pi$}-method},
   JOURNAL = {M\"unster J. Math.},
  FJOURNAL = {M\"unster Journal of Mathematics},
    VOLUME = {2},
      YEAR = {2009},
     PAGES = {183--199},
      ISSN = {1867-5778},
   MRCLASS = {16T05},
  MRNUMBER = {2545611 (2010h:16081)},
MRREVIEWER = {E. J. Taft},
}


    Home
    Preferences
    Help
    Support Mail
    Terms of Use
    Universitat Munster Mobile Access

@article {enock:actions,
    AUTHOR = {Enock, Michel},
     TITLE = {Measured quantum groupoids in action},
   JOURNAL = {M\'em. Soc. Math. Fr. (N.S.)},
  FJOURNAL = {M\'emoires de la Soci\'et\'e Math\'ematique de France.
              Nouvelle S\'erie},
    NUMBER = {114},
      YEAR = {2008},
     PAGES = {ii+150 pp. (2009)},
      ISSN = {0249-633X},
      ISBN = {978-2-85629-265-5},
   MRCLASS = {58B32 (46L37 46L65 46L89)},
  MRNUMBER = {2541012 (2010i:58007)},
MRREVIEWER = {Claire Anantharaman-Delaroche},
}
		



@article {hai:tannaka,
    AUTHOR = {Ph{\`u}ng H{\^o} Hai},
     TITLE = {Tannaka-{K}rein duality for {H}opf algebroids},
   JOURNAL = {Israel J. Math.},
  FJOURNAL = {Israel Journal of Mathematics},
    VOLUME = {167},
      YEAR = {2008},
     PAGES = {193--225},
      ISSN = {0021-2172},
     CODEN = {ISJMAP},
   MRCLASS = {16W30 (16D90 18D10)},
  MRNUMBER = {2448024 (2009g:16059)},
MRREVIEWER = {Gabriella B{\"o}hm},
       DOI = {10.1007/s11856-008-1047-5},
       URL = {http://dx.doi.org/10.1007/s11856-008-1047-5},
}
		

@article {pfeiffer:tannaka,
    AUTHOR = {Pfeiffer, Hendryk},
     TITLE = {Tannaka-{K}re\u\i n reconstruction and a characterization of
              modular tensor categories},
   JOURNAL = {J. Algebra},
  FJOURNAL = {Journal of Algebra},
    VOLUME = {321},
      YEAR = {2009},
    NUMBER = {12},
     PAGES = {3714--3763},
      ISSN = {0021-8693},
     CODEN = {JALGA4},
   MRCLASS = {18D10 (16T05)},
  MRNUMBER = {2517811 (2010e:18007)},
MRREVIEWER = {Ram{\'o}n Gonz{\'a}lez Rodr{\'{\i}}guez},
       DOI = {10.1016/j.jalgebra.2009.02.026},
       URL = {http://dx.doi.org/10.1016/j.jalgebra.2009.02.026},
}
	@article {mccurdy:tannaka,
    AUTHOR = {McCurdy, Micah Blake},
     TITLE = {Graphical methods for {T}annaka duality of weak bialgebras and
              weak {H}opf algebras},
   JOURNAL = {Theory Appl. Categ.},
  FJOURNAL = {Theory and Applications of Categories},
    VOLUME = {26},
      YEAR = {2012},
     PAGES = {No. 9, 233--280},
      ISSN = {1201-561X},
   MRCLASS = {18D10},
  MRNUMBER = {2948489},
MRREVIEWER = {Eric C. Rowell},
}

@article {lu:hopf,
    AUTHOR = {Lu, Jiang-Hua},
     TITLE = {Hopf algebroids and quantum groupoids},
   JOURNAL = {Internat. J. Math.},
  FJOURNAL = {International Journal of Mathematics},
    VOLUME = {7},
      YEAR = {1996},
    NUMBER = {1},
     PAGES = {47--70},
      ISSN = {0129-167X},
   MRCLASS = {16W30 (16S40 20N02 81R50)},
  MRNUMBER = {1369905 (97a:16073)},
MRREVIEWER = {Yvette Kosmann-Schwarzbach},
       DOI = {10.1142/S0129167X96000050},
       URL = {http://dx.doi.org/10.1142/S0129167X96000050},
}


@article {boehm:bijective,
    AUTHOR = {B{\"o}hm, Gabriella and Szlach{\'a}nyi, Korn{\'e}l},
     TITLE = {Hopf algebroids with bijective antipodes: axioms, integrals,
              and duals},
   JOURNAL = {J. Algebra},
  FJOURNAL = {Journal of Algebra},
    VOLUME = {274},
      YEAR = {2004},
    NUMBER = {2},
     PAGES = {708--750},
      ISSN = {0021-8693},
     CODEN = {JALGA4},
   MRCLASS = {16W30},
  MRNUMBER = {2043373 (2004m:16047)},
MRREVIEWER = {Mitsuhiro Takeuchi},
       DOI = {10.1016/j.jalgebra.2003.09.005},
       URL = {http://dx.doi.org/10.1016/j.jalgebra.2003.09.005},
}
		


@article {day:tannaka,
    AUTHOR = {Day, Brian and Street, Ross},
     TITLE = {Monoidal bicategories and {H}opf algebroids},
   JOURNAL = {Adv. Math.},
  FJOURNAL = {Advances in Mathematics},
    VOLUME = {129},
      YEAR = {1997},
    NUMBER = {1},
     PAGES = {99--157},
      ISSN = {0001-8708},
     CODEN = {ADMTA4},
   MRCLASS = {18D10 (16W30)},
  MRNUMBER = {1458415 (99f:18013)},
MRREVIEWER = {Graham J. Ellis},
       DOI = {10.1006/aima.1997.1649},
       URL = {http://dx.doi.org/10.1006/aima.1997.1649},
}
		

@article {xu,
    AUTHOR = {Xu, Ping},
     TITLE = {Quantum groupoids},
   JOURNAL = {Comm. Math. Phys.},
  FJOURNAL = {Communications in Mathematical Physics},
    VOLUME = {216},
      YEAR = {2001},
    NUMBER = {3},
     PAGES = {539--581},
      ISSN = {0010-3616},
     CODEN = {CMPHAY},
   MRCLASS = {17B37 (17B62 53D55 58H05 81R50)},
  MRNUMBER = {1815717 (2002f:17033)},
MRREVIEWER = {Johannes Huebschmann},
       DOI = {10.1007/s002200000334},
       URL = {http://dx.doi.org/10.1007/s002200000334},
}
	



@TechReport{daele:weakmult2,
  author = 	 {Van Daele, Alfons and Wang, Shuanhong},
  title = 	 {Weak Multiplier {H}opf Algebras {II}.  {T}he source and target algebras},
institution = {Preprint University of Leuven (Belgium) and
                  South East University of Nanjing (China)},
address =  {in preparation},
  year = 	 {2013},
}

@TechReport{daele:weakmult,
  author = 	 {Van Daele, Alfons and Wang, Shuanhong},
  title = 	 {Weak Multiplier {H}opf Algebras.  {T}he main theory},
institution = {Preprint University of Leuven (Belgium) and
                  South East University of Nanjing (China)},
address =  {arXiv:1210.4395},
  year = 	 {2012},
}






@InProceedings{timmermann:free,
  author = 	 {Thomas Timmermann},
  title = 	 {Free dynamical quantum groups and  the dynamical
  quantum group {$\mathrm{SU}^\mathrm{d}_q(2)$}},
  booktitle = {Operator Algebras and Quantum Groups},
  pages = 	 {311-341},
  year = 	 {2012},
  editor = 	 {Soltan, Piotr M. and Pusz, Wieslaw},
  volume = 	 {98},
  series = 	 {Banach Center Publ.},
  organization = {Polish Academy of Sciences},
  publisher = {Polish Academy of Sciences,  Institute of Mathematics, Warsaw}}
		

@InProceedings{daele:weakmult0,
  author = 	 {Van Daele, Alfons and Wang, Shuanhong},
  title = 	 {Weak multiplier {H}opf algebras. {P}reliminaries, motivation and basic examples},
  booktitle = {Operator Algebras and Quantum Groups},
  pages = 	 {367-415},
  year = 	 {2012},
  editor = 	 {Soltan, Piotr M. and Pusz, Wieslaw},
  volume = 	 {98},
  series = 	 {Banach Center Publ.},
  organization = {Polish Academy of Sciences},
  publisher = {Polish Academy of Sciences,  Institute of Mathematics, Warsaw}}
		

@article {militaru,
    AUTHOR = {Brzezi{\'n}ski, Tomasz and Militaru, Gigel},
     TITLE = {Bialgebroids, {$\times_A$}-bialgebras and duality},
   JOURNAL = {J. Algebra},
  FJOURNAL = {Journal of Algebra},
    VOLUME = {251},
      YEAR = {2002},
    NUMBER = {1},
     PAGES = {279--294},
      ISSN = {0021-8693},
     CODEN = {JALGA4},
   MRCLASS = {16W30 (16S40)},
  MRNUMBER = {1900284 (2003c:16044)},
MRREVIEWER = {Ralf Holtkamp},
       DOI = {10.1006/jabr.2001.9101},
       URL = {http://dx.doi.org/10.1006/jabr.2001.9101},
}
		

@article {connes:rankin,
    AUTHOR = {Connes, Alain and Moscovici, Henri},
     TITLE = {Rankin-{C}ohen brackets and the {H}opf algebra of transverse
              geometry},
   JOURNAL = {Mosc. Math. J.},
  FJOURNAL = {Moscow Mathematical Journal},
    VOLUME = {4},
      YEAR = {2004},
    NUMBER = {1},
     PAGES = {111--130, 311},
      ISSN = {1609-3321},
   MRCLASS = {11F32 (11F25 11F75 16W30 58B34)},
  MRNUMBER = {2074985 (2005f:11079b)},
MRREVIEWER = {Matilde Marcolli},
}

@TechReport{timmermann:regular,
  author = 	 {Thomas Timmermann and Alfons Van Daele},
  title = 	 {Regular multiplier {H}opf algebroids. {B}asic theory and examples},
  institution =  {arxiv:1307.0769},
  year = 	 2013}



@TechReport{boehm:comodules,
  author = 	 {B{\"o}hm, Gabriella},
  title = 	 {Comodules over weak multiplier bialgebras},
  institution =  {arxiv.1311.2730v1},
  year = 	 2013}

@TechReport{daele:separability,
  author = 	 {Van Daele, Alfons},
  title = 	 {Separability idempotents and multiplier algebras},
  institution =  {arxiv.1301.4398v1},
  year = 	 2013}

@article {bruguieres:hopf-monads,
    AUTHOR = {Brugui{\`e}res, Alain and Lack, Steve and Virelizier, Alexis},
     TITLE = {Hopf monads on monoidal categories},
   JOURNAL = {Adv. Math.},
  FJOURNAL = {Advances in Mathematics},
    VOLUME = {227},
      YEAR = {2011},
    NUMBER = {2},
     PAGES = {745--800},
      ISSN = {0001-8708},
     CODEN = {ADMTA4},
   MRCLASS = {18C20 (16T05 18D10 18D15)},
  MRNUMBER = {2793022 (2012h:18003)},
MRREVIEWER = {Joost Vercruysse},
       DOI = {10.1016/j.aim.2011.02.008},
       URL = {http://dx.doi.org/10.1016/j.aim.2011.02.008},
}
		
@article {chikhladze:hopf-comonads,
    AUTHOR = {Chikhladze, Dimitri and Lack, Stephen and Street, Ross},
     TITLE = {Hopf monoidal comonads},
   JOURNAL = {Theory Appl. Categ.},
  FJOURNAL = {Theory and Applications of Categories},
    VOLUME = {24},
      YEAR = {2010},
     PAGES = {No. 19, 554--563},
      ISSN = {1201-561X},
   MRCLASS = {18D10},
  MRNUMBER = {2770074 (2012c:18012)},
MRREVIEWER = {Alessandro Ardizzoni},
}
	
@article {chikhladze:quantum-categories,
    AUTHOR = {Chikhladze, Dimitri},
     TITLE = {A category of quantum categories},
   JOURNAL = {Theory Appl. Categ.},
  FJOURNAL = {Theory and Applications of Categories},
    VOLUME = {25},
      YEAR = {2011},
     PAGES = {No. 1, 1--37},
      ISSN = {1201-561X},
   MRCLASS = {18D35 (16T10 18D10)},
  MRNUMBER = {2771094 (2011m:18015)},
MRREVIEWER = {Gabriella B{\"o}hm},
}
		
@incollection {day:quantum,
    AUTHOR = {Day, Brian and Street, Ross},
     TITLE = {Quantum categories, star autonomy, and quantum groupoids},
 BOOKTITLE = {Galois theory, {H}opf algebras, and semiabelian categories},
    SERIES = {Fields Inst. Commun.},
    VOLUME = 43,
     PAGES = {187--225},
 PUBLISHER = {Amer. Math. Soc.},
   ADDRESS = {Providence, RI},
      YEAR = 2004,
   MRCLASS = {18D10 (20L05)},
  MRNUMBER = {2075586 (2005f:18006)},
MRREVIEWER = {Olga Kravchenko},
}
		



@Unpublished{daele:comparison,
  author = 	 {Timmermann, Thomas and Van Daele, Alfons},
  title = 	 {Multiplier {H}opf algebroids arising from weak multiplier {H}opf algebras},
  note = 	 {in preparation}}

@TechReport{timmermann:dynamical,
  author = 	 {Timmermann, Thomas},
  title = 	 {Measured quantum groupoids associated to proper dynamical quantum groups},
  institution =  {arxiv.1206.6744},
  year = 	 2012,
  note = 	 {to appear in J. Noncomm. Geometry}}


@article {moerdijk:monads-tensor,
    AUTHOR = {Moerdijk, I.},
     TITLE = {Monads on tensor categories},
      NOTE = {Category theory 1999 (Coimbra)},
   JOURNAL = {J. Pure Appl. Algebra},
  FJOURNAL = {Journal of Pure and Applied Algebra},
    VOLUME = {168},
      YEAR = {2002},
    NUMBER = {2-3},
     PAGES = {189--208},
      ISSN = {0022-4049},
     CODEN = {JPAAA2},
   MRCLASS = {18D10},
  MRNUMBER = {1887157 (2003e:18012)},
MRREVIEWER = {Kimmo I. Rosenthal},
       DOI = {10.1016/S0022-4049(01)00096-2},
       URL = {http://dx.doi.org/10.1016/S0022-4049(01)00096-2},
}